2820 5010
203 357 274 430 198
486 378 699 430 concinium
726 378 1017 431 emrtuonurtsu

589 668 915 765 IlllGllllIUll

204 916 233 967 s
248 916 578 969 concnuesmoms
595 864 645 970 ir
663 918 912 970 moruerunt
925 917 1028 988 rtur,
1041 917 1155 969 cruos
1172 895 1380 970 nocuar

429 1031 596 1082 smenon
613 1032 714 1083 nous
731 1032 830 1082 rure
850 1009 1081 1084 summum.l

274 1251 356 1327 UM
381 1251 419 1327 in
442 1253 658 1328 Foederatis
675 1253 866 1329 Americoe
883 1253 1203 1352 Septentrionalis
1220 1255 1381 1330 Βίαν·

298 1365 398 1441 tibus
420 1366 524 1440 nulla
547 1366 569 1440 a
592 1367 739 1466 legibus
757 1366 924 1442 civilibus
941 1366 1209 1443 ecclesiastica
1224 1392 1380 1463 suc!

202 1480 329 1554 cessio
346 1492 589 1579 agnoscatur,
606 1493 645 1556 et
661 1480 747 1556 ided
764 1481 908 1556 nullum
922 1482 988 1580 jus
1004 1506 1079 1557 nec
1100 1481 1378 1582 Episcopus

201 1618 275 1670 nec
294 1594 568 1670 Sacerdotibus
586 1596 634 1670 ab
657 1595 792 1671 iisdem
817 1595 963 1695 legibus
985 1596 1173 1672 tribuatur
1188 1609 1328 1672 tran&

200 1708 374 1786 mittendi
390 1709 469 1784 suis
487 1709 774 1785 successoribus
791 1711 893 1785 bona
909 1732 1173 1809 quaecumque,
1185 1711 1307 1810 quaei

201 1824 262 1922 pib
277 1823 465 1899 Fidelium
478 1824 650 1924 largitate
664 1825 714 1899 ad
727 1823 1014 1900 ecclesiasticos
1026 1825 1087 1900 vel
1104 1824 1191 1925 pios
1204 1851 1307 1920 usus,

191 1939 280 2014 ‚sive
310 1938 515 2037 Episcopis
545 1939 625 2014 sive
659 1938 935 2014 Sacerdotibus
965 1940 1109 2015 donata
1136 1939 1308 2032 fuerunt,

201 2053 467 2152 praedictorum
483 2055 669 2129 bonorum
683 2053 804 2151 (circa
816 2076 901 2151 quoe
913 2052 1076 2129 Concilii
1091 2053 1309 2130 Provincia·

202 2167 246 2242 lis
271 2166 560 2243 Baltimorensis
587 2166 645 2243 IV
671 2167 809 2242 Patres
836 2167 1065 2267 pastoralem
1090 2167 1308 2244 sollicitudi-

201 2306 290 2356 nem
303 2281 538 2357 laudabiliter
551 2282 802 2358 ostenderunt
814 2282 971 2363 decreto
984 2280 1101 2379 VIII)
1112 2282 1308 2358 securitati

202 2397 422 2496 prospicere
448 2397 580 2472 volens
611 2396 653 2471 S.
683 2395 944 2496 congregatio
974 2396 1024 2471 de
1053 2395 1308 2497 Propagandi

202 2512 314 2607 Fide,
338 2511 506 2587 decrevit
530 2511 569 2586 in
594 2522 791 2610 posterum
816 2511 1004 2586 servanda
1028 2534 1117 2586 esse
1143 2536 1229 2609 quae
1252 2535 1309 2586 se

203 2639 382 2725 quuntur:

255 2749 286 2816 l.
313 2741 639 2840 Archiepiscopus
658 2741 959 2836 Baltimorensis,
971 2752 1011 2815 et
1028 2740 1215 2840 Episcopi
1232 2765 1309 2816 om·

201 2881 270 2931 nes
288 2857 326 2931 in
347 2857 561 2932 Foederatis
581 2856 771 2933 Americae
788 2855 1103 2955 Septentrionalis
1123 2855 1308 2951 Statibus,

202 2970 329 3046 statim
343 2983 430 3068 post
447 2971 558 3069 hujus
577 2970 737 3046 Decreti
753 2971 1025 3070 receptionem,
1037 2981 1307 3045 testamentum

196 3085 306 3183 juxta
323 3086 427 3185 leges
447 3085 580 3159 Statds
598 3084 636 3158 in
652 3110 727 3182 quo
742 3086 897 3182 degunt,
911 3108 1069 3182 quarum
1087 3095 1308 3158 accuratam

201 3199 373 3274 notitiam
400 3225 447 3274 ex
470 3200 585 3275 certis
603 3198 769 3274 sontibus
793 3199 864 3273 sibi
889 3199 1177 3296 comparabunt,
1193 3198 1308 3272 conli-

201 3314 378 3389 ciendum
392 3327 536 3390 curent.
588 3314 687 3388 Illud
704 3325 833 3387 autem
846 3313 1052 3411 duplicato,
1064 3323 1104 3386 et
1120 3311 1228 3408 aeque
1246 3336 1309 3388 au·

201 3428 371 3504 theutico
390 3429 643 3527 chirographo
657 3453 727 3502 seu
742 3427 947 3525 exemplari
964 3425 1116 3501 omnino
1130 3426 1309 3520 efficient,

200 3542 316 3641 atque
343 3543 523 3617 heredem
552 3545 739 3616 bonorum
765 3542 931 3616 omnium
957 3539 1306 3616 ecclesiasticorum

201 3660 251 3734 ad
277 3660 360 3757 pios
378 3683 470 3732 usus
495 3657 564 3732 sibi
585 3660 644 3732 vel
671 3656 1015 3756 praedecessoribus
1040 3655 1131 3748 suis,
1148 3656 1208 3729 vel
1233 3655 1309 3753 qui·

200 3772 327 3847 busvis
346 3773 427 3845 aliis
453 3772 532 3846 sive
557 3772 663 3848 laicis
690 3772 768 3846 sive
793 3770 941 3847 clericis
965 3771 1206 3863 donatorum,
1224 3792 1309 3867 quoe

200 3887 271 3985 ipsi
289 3899 378 3961 actu
392 3887 614 3984 possideant
626 3888 685 3961 vel
696 3888 760 3985 jus
775 3886 824 3960 ed
842 3884 1115 3984 possidendum
1128 3884 1308 3979 habeant,

236 4051 251 4085 ⁸
265 4049 330 4105 Hoc
343 4050 492 4105 Decretum
501 4050 535 4104 de
547 4049 748 4105 Ecclesiasticis
761 4049 840 4105 bouis
853 4049 910 4105 tutb
919 4046 1071 4112 servandis,
1079 4043 1170 4102 ssffio
1183 4046 1307 4101 Domino

200 4135 301 4191 Nostro
320 4136 451 4206 probante
462 4137 566 4191 editum
579 4148 630 4201 eet,
643 4136 715 4190 etad
731 4151 764 4190 ea
781 4135 862 4191 refert
873 4152 935 4204 quae
953 4136 982 4190 iu
995 4132 1122 4189 Concilio
1141 4132 1310 4188 Provinciali

199 4222 240 4278 1v
254 4222 447 4277 Baltimorenei
459 4233 560 4277 statuta
572 4232 648 4289 suut,
661 4223 757 4291 suprb,
773 4222 832 4277 172.

235 4309 318 4363 Istius
334 4319 426 4362 autem
444 4307 553 4362 Decreti
573 4307 701 4377 rigorem,
714 4317 853 4361 aunuente
871 4305 941 4361 Sede
959 4303 1131 4376 Apostolicb,
1149 4286 1310 4375 mitigitum

200 4397 286 4454 fuisse
299 4396 400 4468 patebit
411 4412 446 4450 ex
460 4394 576 4450 Decreto
589 4392 679 4465 primo
692 4391 811 4449 Consilii
823 4391 1002 4448 Prouincialie
1015 4389 1051 4445 V.
