2820 5010
154 326 204 400 30
442 344 653 397 concisum
680 341 967 396 nsnrrnoasuse

156 550 224 625 per
247 547 380 600 omnes
406 521 592 597 dioeceses
617 546 690 596 usu
717 521 852 595 veniat.
904 518 1095 596 Absoluto
1125 529 1250 593 autem

155 664 285 740 opere,
304 636 579 714 catechismum
604 634 825 736 preadictum
848 635 888 709 in
912 656 1047 709 manus
1073 632 1252 708 Baltimo

154 754 275 830 rensis
300 753 464 846 tradant,
480 752 588 857 cujus
614 753 697 845 erit,
712 760 754 825 ut
776 774 801 823 a
818 749 860 823 S.
880 748 986 824 Sede
1010 749 1252 846 approbetur,

154 892 278 968 agere.
322 866 443 949 Quod
460 864 493 940 si
505 862 780 941 catechismum
796 861 960 961 aliquem
973 887 1022 937 ex
1032 863 1116 961 jam
1130 861 1251 957 editis,

153 982 224 1056 illis
242 980 426 1080 placuerit
442 978 615 1079 seligere,
630 979 669 1053 id
681 1003 750 1076 per
762 976 905 1052 litteras
919 977 1091 1052 omnibus
1106 976 1252 1075 coepis-

154 1095 262 1195 copis
290 1094 562 1194 quamprimum
598 1092 822 1192 significent,
847 1091 901 1166 ita
926 1104 969 1167 ut
996 1091 1134 1189 cuique
1162 1089 1250 1188 quid

153 1209 292 1284 sentiat
310 1207 461 1284 dicendi
478 1207 526 1282 sit
544 1206 665 1306 copia

202 1323 430 1397 Mandatum
458 1346 610 1419 quoque
637 1332 698 1395 est
725 1319 1059 1419 Philadelphiensi,
1082 1330 1127 1400 ut
1151 1298 1250 1393 c'ate

152 1435 340 1513 chismum
365 1436 582 1536 germanico
599 1459 667 1509 ore
692 1436 750 1509 vel
777 1435 1006 1528 conscribat,
1020 1435 1081 1508 vel
1101 1457 1152 1508 ex
1170 1434 1249 1532 jam

153 1550 263 1624 editis
292 1550 439 1649 seligat,
464 1573 553 1623 cum
580 1572 696 1622 onere
723 1549 826 1623 illum
856 1547 1046 1647 episcopis
1076 1547 1248 1622 omnibus

153 1663 367 1763 germanice
402 1661 620 1755 scientibus,
638 1674 692 1761 ‘et
733 1662 940 1761 praescrtim
972 1659 1249 1755 Baltimorensi,

153 1776 468 1854 communicandi.

203 1890 378 1965 Tandem
405 1900 587 1966 statutum
612 1900 672 1964 cst
695 1889 838 1964 nullum
862 1889 901 1964 in
923 1889 1088 1964 futurum
1115 1888 1248 1965 Biblio

153 2004 249 2102 polis
278 2003 581 2102 permittendum,
602 2002 641 2078 in
666 2002 882 2102 hujusmodi
906 2003 1150 2079 catechismis
1175 2002 1248 2079 luci

154 2118 302 2212 dandis,
318 2118 498 2219 privilegii
508 2119 583 2218 jus.
756 2208 759 2212 ¹

203 2231 304 2305 Dein
330 2232 448 2307 latum
471 2245 530 2307 est
548 2233 742 2307 decretum
768 2244 903 2307 contra
927 2232 1161 2331 sepulturam
1178 2232 1248 2308 Ca·

155 2344 383 2419 tholicorum
400 2345 439 2420 in
455 2345 681 2422 coemetariis
699 2370 778 2420 non
794 2345 1042 2441 consecratis,
1058 2347 1124 2421 ubi
1140 2347 1247 2422 adest

152 2458 264 2556 copia
282 2482 349 2532 eos
366 2460 405 2533 in
422 2458 648 2535 coemeteriis
673 2459 743 2534 rite
768 2459 1003 2535 consecratis
1030 2460 1245 2558 'sepeliendi

203 2573 267 2647 Ad
286 2573 443 2647 Scdium
469 2573 711 2668 erectionem,
728 2585 767 2648 ct
792 2574 1058 2673 episcopcrum
1084 2576 1248 2649 nomina·

152 2686 294 2761 tionem
312 2713 397 2762 cum
417 2712 458 2760 sc
477 2701 740 2763 converterent
757 2689 907 2783 PatrcS,
923 2689 1096 2766 abierunt
1114 2691 1248 2767 Secre

154 2803 246 2876 tarii.

311 2943 635 3008 OONGREGATIO
667 2946 845 3016 QUINTA
876 2947 1087 3029 PUBLICA,

325 3120 379 3160 mr
394 3119 542 3173 vaurms,
561 3103 596 3163 14
611 3121 693 3176 unu,
709 3121 796 3163 nonu
811 3105 830 3165 4
845 3123 871 3163 r.
885 3124 921 3164 u.
936 3123 1066 3167 unsrun.

205 3239 448 3312 Aususnuur
473 3238 609 3313 Patres
636 3265 781 3337 omneS,
799 3243 1024 3340 Superiores
1051 3245 1248 3346 Religiosi,

154 3364 193 3425 et
226 3351 402 3448 theologi.
456 3351 561 3426 Inter
594 3354 794 3453 theologos
830 3357 1083 3455 disceptatum
1114 3374 1174 3435 est
1200 3363 1246 3436 de

154 3465 330 3563 parochis
349 3465 540 3575 canonicis
558 3467 805 3542 instituendis⁸

334 3724 660 3789 OONGREGATIO
684 3727 838 3791 SEXTA
860 3729 1070 3810 PRIVATA,

371 3898 425 3939 urs
448 3898 593 3951 sussum,
616 3901 688 3942 usn
713 3884 757 3955 15,
781 3904 867 3946 sonu
890 3888 926 3946 10
948 3909 977 3948 n.
998 3906 1034 3948 u.

204 4019 447 4092 Aesusnnur
472 4019 609 4093 Patres
627 4046 771 4095 omnes.

205 4132 305 4204 Lata
339 4145 427 4205 sunt
463 4134 618 4209 decreta
643 4161 727 4231 quae
760 4137 959 4236 incipiunt:
993 4143 1148 4219 Rituele
1174 4146 1246 4219 Ro·

154 4271 314 4321 manum
348 4258 386 4318 et
419 4246 607 4324 llunuule
636 4253 971 4329 Goeremoniarum.
1022 4256 1247 4337 Mandatum
