2820 5010
212 395 261 465 62
498 413 709 465 concluruu
736 412 1022 462 sunrruonnnsu

213 589 347 665 onibus
373 589 663 687 procurandum,
680 601 793 684 etque
817 589 867 662 ad
890 587 1001 661 Fidei
1025 585 1238 663 Catholicae
1260 587 1311 660 in·

213 715 447 780 crementum
476 703 642 778 unanimi
672 704 829 777 consilio
855 703 1023 777 stabilius
1055 702 1312 794 obtinendum,

213 819 490 893 Provincialem
519 819 717 916 Synodum
742 842 872 892 mense
901 815 1065 891 Octobri
1089 840 1190 889 anno
1216 819 1310 889 1829

211 932 408 1007 Baltimori
433 933 639 1007 habuerint.
692 932 856 1030 Excepit
881 944 1008 1005 autem
1034 930 1148 1005 veluti
1171 954 1309 1004 novum

212 1047 459 1122 observantiae
484 1071 575 1146 ergo
603 1047 747 1120 Sedem
773 1046 1037 1143 Apostolicom
1067 1044 1309 1142 perspicuum

211 1161 479 1253 testimonium,
511 1159 801 1257 Archiepiscopi
834 1173 873 1233 et
908 1159 1187 1256 Episcoporum
1222 1169 1310 1232 vota

211 1300 434 1373 precesque,
450 1288 493 1348 ut
510 1300 594 1368 quae
614 1274 652 1347 in
671 1274 830 1366 Synodo
852 1274 911 1347 illd
928 1285 1071 1347 statuta
1088 1296 1133 1346 ac
1152 1272 1309 1347 decreta

210 1390 371 1483 fuerant,
387 1388 563 1463 accurate
588 1391 634 1462 ab
658 1388 738 1485 ipsi
758 1389 1070 1480 examinarentur,
1087 1412 1133 1462 ac
1157 1387 1307 1478 deinde,

212 1503 245 1577 si
262 1504 376 1603 digna
393 1515 543 1602 reperta
558 1502 730 1596 fuissent,
743 1502 967 1576 auctoritate
984 1502 1207 1599 Apostolicd
1223 1526 1309 1577 con·

212 1617 457 1691 firmarentur.

263 1731 361 1806 Cum
388 1743 606 1806 memoratae
630 1730 741 1830 igitur
762 1730 910 1828 Synodi
936 1730 1224 1804 Baltimorensis
1248 1730 1308 1804 de

213 1858 320 1920 creta
344 1845 382 1918 in
411 1845 576 1943 generali
607 1845 739 1918 Sacrae
766 1844 1081 1944 Congregationis
1108 1857 1308 1937 conventu,

214 1959 275 2034 die
300 1962 349 2033 28
375 1958 478 2033 Junii
508 1984 608 2032 anno
637 1963 733 2032 1830
758 1958 899 2051 habito,
923 1959 1109 2033 referente
1135 1957 1239 2031 Ento
1262 1982 1307 2032 ac

213 2074 320 2149 Rino
339 2074 387 2148 Ι).
406 2075 539 2148 Prrno
560 2074 601 2147 S.
620 2074 671 2147 R.
687 2073 733 2147 Ε.
750 2074 941 2149 Cardinali
959 2074 1156 2167 Cerauno,
1173 2072 1308 2147 exami-

214 2201 305 2262 nata
316 2213 363 2263 ac
377 2186 519 2262 mature
534 2211 721 2285 perpensa
731 2187 907 2279 fuissent3
925 2187 1072 2262 cunctis
1087 2186 1308 2261 EEsslorum

212 2326 259 2377 ac
285 2303 516 2376 RRffiorum
540 2302 696 2376 Patrum
721 2302 763 2375 S.
782 2303 832 2376 R.
853 2302 899 2375 Ε.
920 2301 1176 2377 Cardinalium
1197 2326 1308 2377 sacro

216 2417 388 2491 Concilio
416 2416 632 2491 Christiano
658 2416 799 2490 nomini
824 2416 1069 2514 propagando
1096 2416 1311 2514 praeposito-

214 2556 296 2604 rum
314 2530 497 2629 suffragiis
516 2530 733 2629 dignissima
749 2530 922 2627 judicata
945 2542 1045 2622 sunt,
1062 2554 1145 2627 quae
1163 2529 1311 2627 amplis·

213 2645 316 2718 simis
342 2645 512 2719 laudibus
539 2645 905 2737 commendarentur,
922 2655 960 2716 et
986 2644 1307 2718 confirmarentur.

265 2759 457 2841 Quoniam
475 2757 561 2834 vero
580 2759 621 2832 S.
637 2758 952 2857 Congregationis
971 2783 1185 2856 aequoque
1203 2782 1310 2831 mens

214 2888 253 2948 et
270 2873 457 2948 sententia
473 2874 554 2967 suit,
572 2888 612 2948 ut
635 2875 684 2948 ad
710 2874 930 2971 ampliorem
957 2874 1118 2971 Synodo
1141 2874 1312 2972 splendo-

214 3014 294 3063 rem
321 3013 368 3064 ac
398 2988 574 3062 Decretis
602 2988 816 3062 firmitatem
844 2989 1152 3085 comparandam,
1179 2989 1310 3062 SSr‘no

215 3103 303 3177 Dno
329 3103 472 3177 Nostro
499 3101 608 3195 PIO,
632 3101 717 3175 Div.
741 3102 853 3176 Prov.
873 3103 953 3176 ΡΡ.
973 3102 1071 3176 VIII
1097 3128 1232 3199 preces
1250 3103 1312 3177 fie-

213 3229 309 3310 rent,
329 3229 369 3290 ut
395 3216 529 3289 eadem
555 3215 725 3290 Decreta
745 3215 968 3315 Apostolicd
992 3217 1218 3291 auctoritate
1244 3218 1311 3291 sui

216 3331 468 3422 confirmaret,
484 3328 599 3404 Brlrus
616 3330 762 3424 Purra,
779 3330 907 3404 audito
932 3355 999 3428 per
1016 3330 1067 3404 R.
1087 3331 1131 3404 P.
1151 3331 1200 3405 D.
1220 3332 1312 3406 Cis

216 3469 411 3519 rnuccmu
438 3446 702 3538 Cnsrnrcrnu,
726 3444 768 3517 S.
794 3445 1110 3544 Congregationis
1138 3445 1312 3519 Secreta·

215 3559 322 3651 rium,
334 3557 557 3632 EEffiorum
576 3557 732 3632 Patrum
747 3560 791 3631 erl
807 3559 855 3632 de
870 3584 910 3632 re
924 3558 1105 3634 concordi
1123 3558 1313 3658 suffragio,

215 3672 384 3746 Decreta
410 3671 556 3768 Synodi
582 3671 661 3768 ipse
687 3672 857 3771 perlegit,
873 3698 941 3770 pro
966 3675 1110 3746 summi
1133 3672 1313 3770 sapientia

215 3789 281 3861 suri
298 3785 506 3885 perpendit,
523 3810 569 3859 ac
595 3784 753 3861 laudans
771 3787 959 3887 singulare
984 3787 1072 3862 illud
1099 3787 1310 3886 Religionis

215 3901 380 3976 studium
397 3899 498 3998 quod
525 3898 562 3972 in
580 3900 742 3974 decretis
767 3901 903 3995 elucet,
920 3914 959 3975 et
981 3902 1187 3976 mirabilem
1212 3902 1311 3975 illam

214 4013 447 4106 industriam,
464 4038 551 4086 curn
569 4016 772 4113 permagni
788 4015 958 4089 doctrina
980 4017 1223 4114 conjunctum
1241 4018 1313 4113 qui

216 4127 539 4226 Archiepiscopus
570 4142 609 4202 et
642 4128 826 4226 Episcopi
854 4142 1009 4203 utuntur
1038 4130 1075 4204 in
1105 4130 1313 4205 excolenda

215 4245 321 4319 vinei
336 4241 490 4318 Domini
511 4242 554 4315 iis
573 4243 784 4336 commissi,
801 4243 971 4318 Decreta
989 4245 1136 4342 Synodi
1160 4245 1313 4318 Provin-

215 4358 320 4434 cialis
349 4356 633 4432 Baltirnorensis
660 4357 885 4431 auctoritate
913 4359 1148 4456 Apostolicrl,
1174 4359 1237 4433 die
1262 4363 1312 4432 26
