2820 5010
372 558 976 729 ,ΜΟΝΙΤΠΜο

558 931 846 951 mmmmm!

234 1151 352 1230 NNO
382 1162 490 1253 1791,
510 1183 592 1233 ven.
610 1158 636 1232 J
640 1183 787 1236 onuuns
812 1161 1011 1257 Carnona,
1031 1175 1122 1240 tunc
1143 1164 1253 1263 Epis-

260 1323 381 1397 copus
415 1300 714 1398 Baltimorcnsis,
748 1304 946 1402 Synodum
983 1305 1252 1383 Dioecesanam

157 1450 299 1543 habuit,
323 1446 372 1520 ad
402 1470 487 1519 cam
517 1446 737 1521 convocatis
767 1446 1018 1523 Missionariis
1045 1451 1109 1547 qui
1139 1476 1252 1527 sacro

157 1592 369 1669 Ministerio
395 1591 465 1664 sub
490 1584 606 1687 ipsiu's
630 1589 894 1688 jurisdictione
919 1616 1074 1689 operam
1091 1574 1250 1669 dabant.

156 1738 264 1815 Idem
290 1760 343 1811 sa
370 1758 441 1809 me.
468 1733 627 1829 Praesul,
652 1734 976 1834 Archicpiscopus
1004 1737 1252 1833 renuntiatus,

156 1895 243 1981 post
267 1876 595 1956 consecrationem
613 1901 768 1952 suorum
787 1876 1134 1978 Suffraganeorum,
1152 1884 1252 1958 Con·

155 2039 307 2099 ventum
325 2020 454 2096 habuit
471 2044 530 2093 an
548 2023 655 2114 1810,
667 2032 780 2117 atque
794 2019 867 2094 und
879 2046 967 2096 cum
983 2021 1054 2096 illis
1072 2025 1251 2101 articulos

156 2166 342 2265 quosdam
370 2161 576 2260 disciplinae
602 2163 781 2238 condidit
833 2162 895 2236 De
923 2163 996 2238 hac
1025 2165 1184 2261 Synodo
1213 2182 1253 2244 et

157 2311 356 2385 Conventu
374 2308 427 2381 ita
444 2305 561 2381 locuti
575 2317 663 2380 sunt
679 2305 817 2379 Patrcs
830 2306 992 2380 Concilii
1005 2305 1252 2387 Baltimoren-

155 2452 207 2525 sis
232 2448 480 2525 Prouincialis
500 2452 534 2541 1,
550 2448 587 2520 in
606 2448 834 2547 Congregat.
855 2447 943 2544 priv.
963 2447 1088 2523 habita
1112 2451 1174 2525 dic
1203 2458 1249 2528 13

156 2592 245 2669 Oct.
267 2596 378 2667 1829:
411 2590 541 2667 “Cum
565 2602 776 2688 temporum
802 2591 1047 2690 locorumque
1071 2595 1251 2693 adjuncta

154 2746 403 2836 “spectamus
421 2736 458 2809 in
476 2735 610 2833 quibus
629 2735 847 2809 versabatur
864 2737 1085 2811 venerabilis
1111 2763 1250 2815 memo·

153 2883 249 2957 “riae
276 2880 452 2955 Jonnuns
483 2880 681 2973 cisson,
709 2878 925 2978 Episcopus
951 2878 1250 2979 Baltimorensis,

153 3024 336 3123 “quando
358 3023 488 3099 habuit
509 3022 708 3120 Synodum
730 3022 1000 3099 Dioeccsanam
1021 3049 1120 3099 anno
1142 3031 1250 3123 1791,

154 3167 293 3243 α11111111
328 3166 556 3241 admiramur
589 3191 664 3263 quo
698 3165 786 3240 fidei
821 3168 959 3260 studio,
986 3169 1181 3266 prudentia
1210 3185 1249 3246 et

153 3311 352 3405 “scientia,
377 3310 535 3408 plurima
562 3310 599 3382 in
627 3308 816 3384 Ecclesiae
840 3311 1038 3385 utilitatem
1064 3315 1246 3390 statuerit.

152 3452 315 3553 “Magni
341 3453 455 3528 etiam
480 3453 639 3527 facimus
665 3479 749 3550 quae
766 3453 815 3529 ad
841 3479 911 3528 nos
933 3469 1182 3554 pervenerunt
1199 3462 1247 3535 ab

152 3597 320 3673 “codem
338 3597 538 3672 venorabili
557 3596 738 3693 Faesula,
749 3598 946 3697 postquirm
960 3599 1009 3674 ad
1027 3600 1246 3699 dignitatem

300 3718 326 3785 2
