<?xml version="1.0" encoding="UTF-8"?>
<!DOCTYPE html PUBLIC "-//W3C//DTD XHTML 1.0 Transitional//EN"
    "http://www.w3.org/TR/xhtml1/DTD/xhtml1-transitional.dtd">
<html xmlns="http://www.w3.org/1999/xhtml" xml:lang="en" lang="en">
 <head>
  <title>
</title>
<meta http-equiv="Content-Type" content="text/html;charset=utf-8" />
  <meta name='ocr-system' content='tesseract 3.04.00' />
  <meta name='ocr-capabilities' content='ocr_page ocr_carea ocr_par ocr_line ocrx_word'/>
</head>
<body>
  <div class='ocr_page' id='page_1' title='image "./conciliaprovinc00mdgoog_0113.png"; bbox 0 0 2820 5010; ppageno 0'>
   <div class='ocr_carea' id='block_1_1' title="bbox 443 406 855 457">
    <p class='ocr_par' dir='ltr' id='par_1_1' title="bbox 443 406 855 457">
     <span class='ocr_line' id='line_1_1' title="bbox 443 406 855 457; baseline 0 0"><span class='ocrx_word' id='word_1_1' title='bbox 443 420 446 425; x_wconf 84' lang='lat'>·</span> <span class='ocrx_word' id='word_1_2' title='bbox 539 406 790 457; x_wconf 67' lang='lat' dir='ltr'>PROVINCIAM}</span> <span class='ocrx_word' id='word_1_3' title='bbox 816 408 855 457; x_wconf 84' lang='lat' dir='ltr'><strong>II.</strong></span> 
     </span>
    </p>
   </div>
   <div class='ocr_carea' id='block_1_2' title="bbox 382 796 1021 891">
    <p class='ocr_par' dir='ltr' id='par_1_2' title="bbox 382 796 1021 891">
     <span class='ocr_line' id='line_1_2' title="bbox 382 796 1021 891; baseline -0.003 0"><span class='ocrx_word' id='word_1_4' title='bbox 382 797 591 891; x_wconf 83' lang='lat' dir='ltr'>BULLA</span> <span class='ocrx_word' id='word_1_5' title='bbox 631 796 1021 891; x_wconf 80' lang='lat' dir='ltr'>APOSIOLIGA</span> 
     </span>
    </p>
   </div>
   <div class='ocr_carea' id='block_1_3' title="bbox 152 1017 1251 1300">
    <p class='ocr_par' dir='ltr' id='par_1_3' title="bbox 152 1017 1251 1300">
     <span class='ocr_line' id='line_1_3' title="bbox 152 1017 1248 1090; baseline -0.007 -17"><span class='ocrx_word' id='word_1_6' title='bbox 152 1023 202 1073; x_wconf 79' lang='lat' dir='ltr'><strong>SS.</strong></span> <span class='ocrx_word' id='word_1_7' title='bbox 231 1020 297 1071; x_wconf 75' lang='lat' dir='ltr'><strong>nn!</strong></span> <span class='ocrx_word' id='word_1_8' title='bbox 324 1020 460 1070; x_wconf 79' lang='lat' dir='ltr'><strong>Nosrm</strong></span> <span class='ocrx_word' id='word_1_9' title='bbox 487 1018 668 1069; x_wconf 72' lang='lat' dir='ltr'><strong>usedomi</strong></span> <span class='ocrx_word' id='word_1_10' title='bbox 694 1020 747 1069; x_wconf 82' lang='lat' dir='ltr'>I’P.</span> <span class='ocrx_word' id='word_1_11' title='bbox 775 1019 853 1090; x_wconf 79' lang='lat' dir='ltr'><strong>xvi,</strong></span> <span class='ocrx_word' id='word_1_12' title='bbox 879 1019 954 1076; x_wconf 73' lang='lat' dir='ltr'><strong>Qun</strong></span> <span class='ocrx_word' id='word_1_13' title='bbox 980 1017 1183 1068; x_wconf 77' lang='lat' dir='ltr'><strong>ultr-:casum</strong></span> <span class='ocrx_word' id='word_1_14' title='bbox 1210 1017 1248 1066; x_wconf 83' lang='lat' dir='ltr'><strong>IN</strong></span> 
     </span>
     <span class='ocr_line' id='line_1_4' title="bbox 203 1132 1251 1187; baseline -0.005 0"><span class='ocrx_word' id='word_1_15' title='bbox 203 1134 424 1187; x_wconf 77' lang='lat' dir='ltr'><strong>I&#39;OEDERATIS</strong></span> <span class='ocrx_word' id='word_1_16' title='bbox 453 1134 631 1184; x_wconf 73' lang='lat' dir='ltr'><strong>AMERICAE</strong></span> <span class='ocrx_word' id='word_1_17' title='bbox 662 1133 1003 1185; x_wconf 69' lang='lat' dir='ltr'><strong>serrenrmonnus</strong></span> <span class='ocrx_word' id='word_1_18' title='bbox 1037 1132 1251 1182; x_wconf 79' lang='lat' dir='ltr'>PROVINCIIS</span> 
     </span>
     <span class='ocr_line' id='line_1_5' title="bbox 204 1246 644 1300; baseline -0.005 -1"><span class='ocrx_word' id='word_1_19' title='bbox 204 1247 358 1300; x_wconf 70' lang='lat' dir='ltr'><strong>murres</strong></span> <span class='ocrx_word' id='word_1_20' title='bbox 385 1246 644 1299; x_wconf 77' lang='lat' dir='ltr'><strong>STATUUNTUB.</strong></span> 
     </span>
    </p>
   </div>
   <div class='ocr_carea' id='block_1_4' title="bbox 304 1420 1106 1515">
    <p class='ocr_par' dir='ltr' id='par_1_4' title="bbox 304 1420 1106 1515">
     <span class='ocr_line' id='line_1_6' title="bbox 304 1420 1106 1515; baseline -0.004 -18"><span class='ocrx_word' id='word_1_21' title='bbox 304 1420 686 1497; x_wconf 84' lang='lat' dir='ltr'>GREGORIUS</span> <span class='ocrx_word' id='word_1_22' title='bbox 722 1420 1106 1515; x_wconf 86' lang='lat' dir='ltr'>EPISCOPUS,</span> 
     </span>
    </p>
   </div>
   <div class='ocr_carea' id='block_1_5' title="bbox 467 1624 941 1676">
    <p class='ocr_par' dir='ltr' id='par_1_5' title="bbox 467 1624 941 1676">
     <span class='ocr_line' id='line_1_7' title="bbox 467 1624 941 1676; baseline 0.002 -1"><span class='ocrx_word' id='word_1_23' title='bbox 467 1624 609 1675; x_wconf 78' lang='lat' dir='ltr'>SEBVUS</span> <span class='ocrx_word' id='word_1_24' title='bbox 635 1624 839 1676; x_wconf 80' lang='lat' dir='ltr'>SERVORUM</span> <span class='ocrx_word' id='word_1_25' title='bbox 865 1626 941 1676; x_wconf 83' lang='lat' dir='ltr'>DEI.</span> 
     </span>
    </p>
   </div>
   <div class='ocr_carea' id='block_1_6' title="bbox 389 1777 1021 1878">
    <p class='ocr_par' dir='ltr' id='par_1_6' title="bbox 389 1777 1021 1878">
     <span class='ocr_line' id='line_1_8' title="bbox 389 1777 1021 1878; baseline 0.002 -26"><span class='ocrx_word' id='word_1_26' title='bbox 389 1777 453 1852; x_wconf 85' lang='lat' dir='ltr'><strong>Ad</strong></span> <span class='ocrx_word' id='word_1_27' title='bbox 474 1791 696 1878; x_wconf 89' lang='lat' dir='ltr'><strong>perpetuam</strong></span> <span class='ocrx_word' id='word_1_28' title='bbox 718 1779 771 1853; x_wconf 89' lang='lat' dir='ltr'><strong>rei</strong></span> <span class='ocrx_word' id='word_1_29' title='bbox 792 1780 1021 1855; x_wconf 81' lang='lat' dir='ltr'><strong>memoriam.</strong></span> 
     </span>
    </p>
   </div>
   <div class='ocr_carea' id='block_1_7' title="bbox 160 1955 1265 4446">
    <p class='ocr_par' dir='ltr' id='par_1_7' title="bbox 160 1955 1265 4446">
     <span class='ocr_line' id='line_1_9' title="bbox 233 1955 1255 2056; baseline -0.001 -23"><span class='ocrx_word' id='word_1_30' title='bbox 233 1955 555 2033; x_wconf 87' lang='lat' dir='ltr'>ENEDICTUS</span> <span class='ocrx_word' id='word_1_31' title='bbox 574 1957 683 2033; x_wconf 93' lang='lat' dir='ltr'><strong>Deus</strong></span> <span class='ocrx_word' id='word_1_32' title='bbox 698 1957 805 2056; x_wconf 91' lang='lat' dir='ltr'><strong>cujus</strong></span> <span class='ocrx_word' id='word_1_33' title='bbox 823 1958 1089 2033; x_wconf 67' lang='lat' dir='ltr'><strong>misericordiis</strong></span> <span class='ocrx_word' id='word_1_34' title='bbox 1101 1982 1177 2032; x_wconf 91' lang='lat' dir='ltr'><strong>non</strong></span> <span class='ocrx_word' id='word_1_35' title='bbox 1195 1969 1255 2032; x_wconf 91' lang='lat' dir='ltr'><strong>est</strong></span> 
     </span>
     <span class='ocr_line' id='line_1_10' title="bbox 258 2071 1252 2164; baseline -0.001 -18"><span class='ocrx_word' id='word_1_36' title='bbox 258 2094 450 2164; x_wconf 86' lang='lat' dir='ltr'><strong>numerus,</strong></span> <span class='ocrx_word' id='word_1_37' title='bbox 479 2082 518 2144; x_wconf 88' lang='lat' dir='ltr'><strong>et</strong></span> <span class='ocrx_word' id='word_1_38' title='bbox 546 2071 724 2145; x_wconf 86' lang='lat' dir='ltr'><strong>bonitatis</strong></span> <span class='ocrx_word' id='word_1_39' title='bbox 758 2072 920 2146; x_wconf 90' lang='lat' dir='ltr'><strong>infinitus</strong></span> <span class='ocrx_word' id='word_1_40' title='bbox 954 2085 1013 2147; x_wconf 91' lang='lat' dir='ltr'><strong>est</strong></span> <span class='ocrx_word' id='word_1_41' title='bbox 1042 2072 1252 2146; x_wconf 83' lang='lat' dir='ltr'><strong>thesaurus.</strong></span> 
     </span>
     <span class='ocr_line' id='line_1_11' title="bbox 160 2182 1256 2284; baseline 0 -26"><span class='ocrx_word' id='word_1_42' title='bbox 160 2182 244 2260; x_wconf 88' lang='lat' dir='ltr'><strong>Nos</strong></span> <span class='ocrx_word' id='word_1_43' title='bbox 262 2185 416 2284; x_wconf 90' lang='lat' dir='ltr'><strong>quidem</strong></span> <span class='ocrx_word' id='word_1_44' title='bbox 438 2184 744 2259; x_wconf 87' lang='lat' dir='ltr'><strong>amaritudinibus</strong></span> <span class='ocrx_word' id='word_1_45' title='bbox 765 2186 930 2282; x_wconf 91' lang='lat' dir='ltr'><strong>undique</strong></span> <span class='ocrx_word' id='word_1_46' title='bbox 947 2185 1057 2279; x_wconf 86' lang='lat' dir='ltr'><strong>affici,</strong></span> <span class='ocrx_word' id='word_1_47' title='bbox 1073 2210 1120 2259; x_wconf 90' lang='lat' dir='ltr'><strong>ac</strong></span> <span class='ocrx_word' id='word_1_48' title='bbox 1138 2185 1256 2260; x_wconf 90' lang='lat' dir='ltr'><strong>flucti-</strong></span> 
     </span>
     <span class='ocr_line' id='line_1_12' title="bbox 161 2297 1255 2396; baseline 0.001 -22"><span class='ocrx_word' id='word_1_49' title='bbox 161 2300 230 2374; x_wconf 89' lang='lat' dir='ltr'><strong>bus</strong></span> <span class='ocrx_word' id='word_1_50' title='bbox 247 2299 329 2373; x_wconf 92' lang='lat' dir='ltr'><strong>sine</strong></span> <span class='ocrx_word' id='word_1_51' title='bbox 342 2297 618 2372; x_wconf 84' lang='lat' dir='ltr'><strong>intermissione</strong></span> <span class='ocrx_word' id='word_1_52' title='bbox 629 2298 768 2396; x_wconf 83' lang='lat' dir='ltr'><strong>jactari</strong></span> <span class='ocrx_word' id='word_1_53' title='bbox 784 2299 975 2395; x_wconf 67' lang='lat' dir='ltr'><strong>permittit,</strong></span> <span class='ocrx_word' id='word_1_54' title='bbox 984 2300 1109 2374; x_wconf 91' lang='lat' dir='ltr'><strong>animo</strong></span> <span class='ocrx_word' id='word_1_55' title='bbox 1127 2310 1255 2375; x_wconf 89' lang='lat' dir='ltr'><strong>tamen</strong></span> 
     </span>
     <span class='ocr_line' id='line_1_13' title="bbox 163 2413 1257 2514; baseline -0.001 -25"><span class='ocrx_word' id='word_1_56' title='bbox 163 2414 402 2512; x_wconf 83' lang='lat' dir='ltr'>despondere</span> <span class='ocrx_word' id='word_1_57' title='bbox 415 2437 493 2487; x_wconf 92' lang='lat' dir='ltr'><strong>non</strong></span> <span class='ocrx_word' id='word_1_58' title='bbox 510 2413 660 2511; x_wconf 76' lang='lat' dir='ltr'><strong>patitur,</strong></span> <span class='ocrx_word' id='word_1_59' title='bbox 673 2414 892 2514; x_wconf 84' lang='lat' dir='ltr'><strong>gaudiisque</strong></span> <span class='ocrx_word' id='word_1_60' title='bbox 910 2414 1094 2489; x_wconf 84' lang='lat' dir='ltr'><strong>interddm</strong></span> <span class='ocrx_word' id='word_1_61' title='bbox 1113 2414 1257 2512; x_wconf 91' lang='lat' dir='ltr'><strong>spiritu·</strong></span> 
     </span>
     <span class='ocr_line' id='line_1_14' title="bbox 162 2527 1257 2627; baseline -0.001 -25"><span class='ocrx_word' id='word_1_62' title='bbox 162 2528 282 2602; x_wconf 86' lang='lat' dir='ltr'><strong>alibus</strong></span> <span class='ocrx_word' id='word_1_63' title='bbox 307 2527 483 2627; x_wconf 87' lang='lat' dir='ltr'><strong>dignatur</strong></span> <span class='ocrx_word' id='word_1_64' title='bbox 498 2552 567 2601; x_wconf 87' lang='lat' dir='ltr'><strong>cor</strong></span> <span class='ocrx_word' id='word_1_65' title='bbox 588 2540 758 2602; x_wconf 86' lang='lat' dir='ltr'><strong>nostrum</strong></span> <span class='ocrx_word' id='word_1_66' title='bbox 782 2527 939 2602; x_wconf 87' lang='lat' dir='ltr'><strong>reficere</strong></span> <span class='ocrx_word' id='word_1_67' title='bbox 957 2552 1003 2603; x_wconf 86' lang='lat' dir='ltr'><strong>ao</strong></span> <span class='ocrx_word' id='word_1_68' title='bbox 1030 2528 1199 2621; x_wconf 85' lang='lat' dir='ltr'><strong>dilatare,</strong></span> <span class='ocrx_word' id='word_1_69' title='bbox 1215 2539 1257 2602; x_wconf 90' lang='lat' dir='ltr'><strong>ut</strong></span> 
     </span>
     <span class='ocr_line' id='line_1_15' title="bbox 163 2640 1256 2740; baseline 0 -24"><span class='ocrx_word' id='word_1_70' title='bbox 163 2641 366 2717; x_wconf 82' lang='lat' dir='ltr'><strong>alacriores</strong></span> <span class='ocrx_word' id='word_1_71' title='bbox 392 2640 517 2716; x_wconf 86' lang='lat' dir='ltr'><strong>effecti</strong></span> <span class='ocrx_word' id='word_1_72' title='bbox 538 2642 772 2740; x_wconf 84' lang='lat' dir='ltr'><strong>Apostolicae</strong></span> <span class='ocrx_word' id='word_1_73' title='bbox 793 2642 1050 2717; x_wconf 82' lang='lat' dir='ltr'><strong>sollicitudinis</strong></span> <span class='ocrx_word' id='word_1_74' title='bbox 1074 2666 1185 2717; x_wconf 88' lang='lat' dir='ltr'><strong>curas</strong></span> <span class='ocrx_word' id='word_1_75' title='bbox 1207 2643 1256 2716; x_wconf 91' lang='lat' dir='ltr'><strong>ad</strong></span> 
     </span>
     <span class='ocr_line' id='line_1_16' title="bbox 163 2755 1259 2857; baseline -0.002 -26"><span class='ocrx_word' id='word_1_76' title='bbox 163 2755 434 2831; x_wconf 84' lang='lat' dir='ltr'><strong>remotissimas</strong></span> <span class='ocrx_word' id='word_1_77' title='bbox 461 2780 611 2853; x_wconf 90' lang='lat' dir='ltr'><strong>quoque</strong></span> <span class='ocrx_word' id='word_1_78' title='bbox 630 2757 729 2831; x_wconf 89' lang='lat' dir='ltr'><strong>orbis</strong></span> <span class='ocrx_word' id='word_1_79' title='bbox 753 2757 927 2857; x_wconf 88' lang='lat' dir='ltr'><strong>regiones</strong></span> <span class='ocrx_word' id='word_1_80' title='bbox 944 2756 1110 2855; x_wconf 72' lang='lat' dir='ltr'><strong>impense</strong></span> <span class='ocrx_word' id='word_1_81' title='bbox 1132 2756 1259 2832; x_wconf 89' lang='lat' dir='ltr'><strong>conse·</strong></span> 
     </span>
     <span class='ocr_line' id='line_1_17' title="bbox 163 2869 1259 2967; baseline 0 -22"><span class='ocrx_word' id='word_1_82' title='bbox 163 2894 304 2964; x_wconf 79' lang='lat' dir='ltr'><strong>ramus,</strong></span> <span class='ocrx_word' id='word_1_83' title='bbox 321 2882 360 2944; x_wconf 90' lang='lat' dir='ltr'><strong>et</strong></span> <span class='ocrx_word' id='word_1_84' title='bbox 381 2869 561 2967; x_wconf 92' lang='lat' dir='ltr'><strong>quidquid</strong></span> <span class='ocrx_word' id='word_1_85' title='bbox 582 2871 804 2947; x_wconf 81' lang='lat' dir='ltr'><strong>orthodoxae</strong></span> <span class='ocrx_word' id='word_1_86' title='bbox 820 2871 908 2946; x_wconf 91' lang='lat' dir='ltr'><strong>fidei</strong></span> <span class='ocrx_word' id='word_1_87' title='bbox 931 2870 1150 2963; x_wconf 84' lang='lat' dir='ltr'><strong>dilatationi,</strong></span> <span class='ocrx_word' id='word_1_88' title='bbox 1166 2871 1259 2945; x_wconf 88' lang='lat' dir='ltr'><strong>Pas·</strong></span> 
     </span>
     <span class='ocr_line' id='line_1_18' title="bbox 163 2983 1258 3082; baseline -0.001 -24"><span class='ocrx_word' id='word_1_89' title='bbox 163 2996 288 3058; x_wconf 90' lang='lat' dir='ltr'><strong>torum</strong></span> <span class='ocrx_word' id='word_1_90' title='bbox 304 2983 560 3080; x_wconf 77' lang='lat' dir='ltr'><strong>tranquillitati</strong></span> <span class='ocrx_word' id='word_1_91' title='bbox 581 2996 621 3057; x_wconf 89' lang='lat' dir='ltr'><strong>et</strong></span> <span class='ocrx_word' id='word_1_92' title='bbox 637 2996 741 3059; x_wconf 87' lang='lat' dir='ltr'><strong>recto</strong></span> <span class='ocrx_word' id='word_1_93' title='bbox 761 2985 1066 3060; x_wconf 84' lang='lat' dir='ltr'><strong>Chn&#39;stifidelium</strong></span> <span class='ocrx_word' id='word_1_94' title='bbox 1089 2983 1258 3082; x_wconf 88' lang='lat' dir='ltr'><strong>regimini</strong></span> 
     </span>
     <span class='ocr_line' id='line_1_19' title="bbox 164 3096 1262 3197; baseline 0.001 -27"><span class='ocrx_word' id='word_1_95' title='bbox 164 3096 287 3196; x_wconf 82' lang='lat' dir='ltr'><strong>aptius</strong></span> <span class='ocrx_word' id='word_1_96' title='bbox 321 3121 532 3196; x_wconf 85' lang='lat' dir='ltr'><strong>congruere</strong></span> <span class='ocrx_word' id='word_1_97' title='bbox 568 3098 836 3197; x_wconf 85' lang='lat' dir='ltr'><strong>conspicimus,</strong></span> <span class='ocrx_word' id='word_1_98' title='bbox 865 3099 902 3173; x_wconf 90' lang='lat' dir='ltr'><strong>id</strong></span> <span class='ocrx_word' id='word_1_99' title='bbox 934 3097 1156 3196; x_wconf 74' lang='lat' dir='ltr'><strong>Apostolicd</strong></span> <span class='ocrx_word' id='word_1_100' title='bbox 1189 3098 1262 3195; x_wconf 75' lang='lat' dir='ltr'><strong>qui</strong></span> 
     </span>
     <span class='ocr_line' id='line_1_20' title="bbox 165 3211 1155 3311; baseline 0.001 -26"><span class='ocrx_word' id='word_1_101' title='bbox 165 3211 353 3311; x_wconf 80' lang='lat' dir='ltr'><strong>fungimur</strong></span> <span class='ocrx_word' id='word_1_102' title='bbox 369 3212 594 3287; x_wconf 90' lang='lat' dir='ltr'><strong>auctoritate</strong></span> <span class='ocrx_word' id='word_1_103' title='bbox 612 3225 821 3288; x_wconf 85' lang='lat' dir='ltr'><strong>statuamus</strong></span> <span class='ocrx_word' id='word_1_104' title='bbox 839 3226 879 3288; x_wconf 92' lang='lat' dir='ltr'><strong>et</strong></span> <span class='ocrx_word' id='word_1_105' title='bbox 895 3214 1155 3289; x_wconf 89' lang='lat' dir='ltr'><strong>decernamus.</strong></span> 
     </span>
     <span class='ocr_line' id='line_1_21' title="bbox 212 3324 1260 3422; baseline 0 -22"><span class='ocrx_word' id='word_1_106' title='bbox 212 3325 334 3401; x_wconf 89' lang='lat' dir='ltr'><strong>Nobis</strong></span> <span class='ocrx_word' id='word_1_107' title='bbox 362 3324 452 3400; x_wconf 75' lang='lat' dir='ltr'><strong>sane</strong></span> <span class='ocrx_word' id='word_1_108' title='bbox 481 3350 556 3422; x_wconf 91' lang='lat' dir='ltr'><strong>quo</strong></span> <span class='ocrx_word' id='word_1_109' title='bbox 584 3327 682 3401; x_wconf 87' lang='lat' dir='ltr'><strong>felici</strong></span> <span class='ocrx_word' id='word_1_110' title='bbox 709 3352 892 3402; x_wconf 90' lang='lat' dir='ltr'><strong>successu</strong></span> <span class='ocrx_word' id='word_1_111' title='bbox 921 3327 1130 3402; x_wconf 69' lang='lat' dir='ltr'><strong>Catholicae</strong></span> <span class='ocrx_word' id='word_1_112' title='bbox 1156 3326 1260 3401; x_wconf 90' lang='lat' dir='ltr'><strong>Reli-</strong></span> 
     </span>
     <span class='ocr_line' id='line_1_22' title="bbox 166 3438 1260 3539; baseline 0 -24"><span class='ocrx_word' id='word_1_113' title='bbox 166 3438 286 3539; x_wconf 85' lang='lat' dir='ltr'><strong>gionis</strong></span> <span class='ocrx_word' id='word_1_114' title='bbox 320 3439 474 3538; x_wconf 83' lang='lat' dir='ltr'><strong>negotia</strong></span> <span class='ocrx_word' id='word_1_115' title='bbox 492 3439 544 3513; x_wconf 80' lang='lat' dir='ltr'><strong>&#39;in</strong></span> <span class='ocrx_word' id='word_1_116' title='bbox 580 3439 788 3515; x_wconf 83' lang='lat' dir='ltr'><strong>Provinciis</strong></span> <span class='ocrx_word' id='word_1_117' title='bbox 824 3440 1037 3515; x_wconf 88' lang='lat' dir='ltr'><strong>Foederatis</strong></span> <span class='ocrx_word' id='word_1_118' title='bbox 1071 3440 1260 3515; x_wconf 84' lang='lat' dir='ltr'><strong>Amoricae</strong></span> 
     </span>
     <span class='ocr_line' id='line_1_23' title="bbox 167 3552 1262 3653; baseline 0.002 -26"><span class='ocrx_word' id='word_1_119' title='bbox 167 3552 482 3652; x_wconf 79' lang='lat' dir='ltr'><strong>septentrionalis</strong></span> <span class='ocrx_word' id='word_1_120' title='bbox 500 3555 826 3651; x_wconf 82' lang='lat' dir='ltr'><strong>progrederentur,</strong></span> <span class='ocrx_word' id='word_1_121' title='bbox 837 3555 919 3653; x_wconf 90' lang='lat' dir='ltr'><strong>jam</strong></span> <span class='ocrx_word' id='word_1_122' title='bbox 936 3567 1015 3629; x_wconf 87' lang='lat' dir='ltr'><strong>turn</strong></span> <span class='ocrx_word' id='word_1_123' title='bbox 1033 3554 1141 3653; x_wconf 73' lang='lat' dir='ltr'><strong>plane</strong></span> <span class='ocrx_word' id='word_1_124' title='bbox 1158 3555 1262 3629; x_wconf 92' lang='lat' dir='ltr'><strong>inno·</strong></span> 
     </span>
     <span class='ocr_line' id='line_1_24' title="bbox 167 3665 1262 3769; baseline 0.002 -28"><span class='ocrx_word' id='word_1_125' title='bbox 167 3666 248 3761; x_wconf 85' lang='lat' dir='ltr'><strong>tuit,</strong></span> <span class='ocrx_word' id='word_1_126' title='bbox 260 3665 348 3741; x_wconf 79' lang='lat' dir='ltr'><strong>edm</strong></span> <span class='ocrx_word' id='word_1_127' title='bbox 364 3665 403 3740; x_wconf 92' lang='lat' dir='ltr'><strong>in</strong></span> <span class='ocrx_word' id='word_1_128' title='bbox 420 3666 623 3741; x_wconf 90' lang='lat' dir='ltr'><strong>minoribus</strong></span> <span class='ocrx_word' id='word_1_129' title='bbox 641 3667 846 3763; x_wconf 77' lang='lat' dir='ltr'><strong>constituti,</strong></span> <span class='ocrx_word' id='word_1_130' title='bbox 857 3669 1152 3769; x_wconf 88' lang='lat' dir='ltr'><strong>Congregationi</strong></span> <span class='ocrx_word' id='word_1_131' title='bbox 1169 3667 1262 3743; x_wconf 90' lang='lat' dir='ltr'><strong>Pro·</strong></span> 
     </span>
     <span class='ocr_line' id='line_1_25' title="bbox 167 3781 1261 3884; baseline 0.004 -28"><span class='ocrx_word' id='word_1_132' title='bbox 167 3782 352 3881; x_wconf 83' lang='lat' dir='ltr'><strong>pagandae</strong></span> <span class='ocrx_word' id='word_1_133' title='bbox 376 3781 488 3857; x_wconf 91' lang='lat' dir='ltr'><strong>Fidei</strong></span> <span class='ocrx_word' id='word_1_134' title='bbox 513 3807 668 3881; x_wconf 92' lang='lat' dir='ltr'><strong>operam</strong></span> <span class='ocrx_word' id='word_1_135' title='bbox 692 3796 873 3879; x_wconf 84' lang='lat' dir='ltr'><strong>nostram,</strong></span> <span class='ocrx_word' id='word_1_136' title='bbox 896 3784 996 3884; x_wconf 73' lang='lat' dir='ltr'><strong>priris</strong></span> <span class='ocrx_word' id='word_1_137' title='bbox 1023 3783 1261 3860; x_wconf 76' lang='lat' dir='ltr'><strong>consultoris</strong></span> 
     </span>
     <span class='ocr_line' id='line_1_26' title="bbox 168 3895 1262 3997; baseline 0.004 -27"><span class='ocrx_word' id='word_1_138' title='bbox 168 3896 307 3990; x_wconf 88' lang='lat' dir='ltr'><strong>officio,</strong></span> <span class='ocrx_word' id='word_1_139' title='bbox 323 3895 411 3970; x_wconf 90' lang='lat' dir='ltr'><strong>dein</strong></span> <span class='ocrx_word' id='word_1_140' title='bbox 429 3897 640 3971; x_wconf 85' lang='lat' dir='ltr'><strong>Cardinalis</strong></span> <span class='ocrx_word' id='word_1_141' title='bbox 658 3896 834 3972; x_wconf 83' lang='lat' dir='ltr'><strong>Praefecti</strong></span> <span class='ocrx_word' id='word_1_142' title='bbox 850 3924 1006 3973; x_wconf 88' lang='lat' dir='ltr'><strong>munere</strong></span> <span class='ocrx_word' id='word_1_143' title='bbox 1031 3899 1262 3997; x_wconf 87' lang='lat' dir='ltr'><strong>impendere·</strong></span> 
     </span>
     <span class='ocr_line' id='line_1_27' title="bbox 168 4010 1263 4108; baseline 0.003 -23"><span class='ocrx_word' id='word_1_144' title='bbox 168 4035 262 4087; x_wconf 91' lang='lat' dir='ltr'><strong>mus.</strong></span> <span class='ocrx_word' id='word_1_145' title='bbox 315 4010 524 4108; x_wconf 80' lang='lat' dir='ltr'><strong>Postquim</strong></span> <span class='ocrx_word' id='word_1_146' title='bbox 541 4010 628 4085; x_wconf 85' lang='lat' dir='ltr'><strong>verd</strong></span> <span class='ocrx_word' id='word_1_147' title='bbox 649 4011 822 4086; x_wconf 85' lang='lat' dir='ltr'><strong>ineffabili</strong></span> <span class='ocrx_word' id='word_1_148' title='bbox 843 4012 918 4087; x_wconf 89' lang='lat' dir='ltr'><strong>Dei</strong></span> <span class='ocrx_word' id='word_1_149' title='bbox 943 4014 1125 4106; x_wconf 84' lang='lat' dir='ltr'><strong>bonitate,</strong></span> <span class='ocrx_word' id='word_1_150' title='bbox 1141 4013 1263 4088; x_wconf 90' lang='lat' dir='ltr'><strong>nullis·</strong></span> 
     </span>
     <span class='ocr_line' id='line_1_28' title="bbox 171 4124 1263 4226; baseline 0.002 -26"><span class='ocrx_word' id='word_1_151' title='bbox 171 4150 242 4223; x_wconf 91' lang='lat' dir='ltr'><strong>que</strong></span> <span class='ocrx_word' id='word_1_152' title='bbox 268 4124 408 4200; x_wconf 88' lang='lat' dir='ltr'><strong>nostris</strong></span> <span class='ocrx_word' id='word_1_153' title='bbox 434 4124 721 4225; x_wconf 85' lang='lat' dir='ltr'><strong>suffragantibus</strong></span> <span class='ocrx_word' id='word_1_154' title='bbox 747 4125 901 4219; x_wconf 87' lang='lat' dir='ltr'><strong>meritis,</strong></span> <span class='ocrx_word' id='word_1_155' title='bbox 916 4127 966 4201; x_wconf 92' lang='lat' dir='ltr'><strong>ad</strong></span> <span class='ocrx_word' id='word_1_156' title='bbox 992 4127 1088 4226; x_wconf 86' lang='lat' dir='ltr'><strong>Ejus</strong></span> <span class='ocrx_word' id='word_1_157' title='bbox 1107 4127 1207 4202; x_wconf 87' lang='lat' dir='ltr'><strong>vices</strong></span> <span class='ocrx_word' id='word_1_158' title='bbox 1225 4127 1263 4202; x_wconf 91' lang='lat' dir='ltr'><strong>in</strong></span> 
     </span>
     <span class='ocr_line' id='line_1_29' title="bbox 170 4238 1263 4340; baseline 0.003 -28"><span class='ocrx_word' id='word_1_159' title='bbox 170 4238 277 4313; x_wconf 90' lang='lat' dir='ltr'><strong>terris</strong></span> <span class='ocrx_word' id='word_1_160' title='bbox 300 4240 486 4338; x_wconf 86' lang='lat' dir='ltr'><strong>gerendas</strong></span> <span class='ocrx_word' id='word_1_161' title='bbox 504 4240 566 4337; x_wconf 92' lang='lat' dir='ltr'><strong>qui</strong></span> <span class='ocrx_word' id='word_1_162' title='bbox 590 4239 774 4340; x_wconf 89' lang='lat' dir='ltr'><strong>gloriosus</strong></span> <span class='ocrx_word' id='word_1_163' title='bbox 800 4252 933 4338; x_wconf 88' lang='lat' dir='ltr'><strong>regnat</strong></span> <span class='ocrx_word' id='word_1_164' title='bbox 949 4239 987 4314; x_wconf 93' lang='lat' dir='ltr'><strong>in</strong></span> <span class='ocrx_word' id='word_1_165' title='bbox 1004 4241 1123 4335; x_wconf 85' lang='lat' dir='ltr'><strong>coelis,</strong></span> <span class='ocrx_word' id='word_1_166' title='bbox 1139 4241 1263 4317; x_wconf 90' lang='lat' dir='ltr'><strong>vocati</strong></span> 
     </span>
     <span class='ocr_line' id='line_1_30' title="bbox 172 4350 1265 4446; baseline 0.003 -19"><span class='ocrx_word' id='word_1_167' title='bbox 172 4350 320 4446; x_wconf 82' lang='lat' dir='ltr'><strong>suimus,</strong></span> <span class='ocrx_word' id='word_1_168' title='bbox 336 4351 478 4429; x_wconf 83' lang='lat' dir='ltr'><strong>laetiora</strong></span> <span class='ocrx_word' id='word_1_169' title='bbox 498 4352 611 4429; x_wconf 85' lang='lat' dir='ltr'><strong>otiam</strong></span> <span class='ocrx_word' id='word_1_170' title='bbox 629 4367 667 4429; x_wconf 88' lang='lat' dir='ltr'><strong>et</strong></span> <span class='ocrx_word' id='word_1_171' title='bbox 683 4353 835 4431; x_wconf 89' lang='lat' dir='ltr'><strong>indubia</strong></span> <span class='ocrx_word' id='word_1_172' title='bbox 852 4354 901 4429; x_wconf 91' lang='lat' dir='ltr'><strong>de</strong></span> <span class='ocrx_word' id='word_1_173' title='bbox 919 4367 1175 4431; x_wconf 74' lang='lat' dir='ltr'><strong>sacrosancta</strong></span> <span class='ocrx_word' id='word_1_174' title='bbox 1192 4356 1265 4430; x_wconf 88' lang='lat' dir='ltr'><strong>Ca·</strong></span> 
     </span>
    </p>
   </div>
   <div class='ocr_carea' id='block_1_8' title="bbox 0 0 1434 5010">
    <p class='ocr_par' dir='ltr' id='par_1_8' title="bbox 0 0 1434 5010">
     <span class='ocr_line' id='line_1_31' title="bbox 0 0 1434 5010; baseline 0 0"><span class='ocrx_word' id='word_1_175' title='bbox 0 0 1434 5010; x_wconf 95' lang='lat' dir='ltr'><strong> </strong></span> 
     </span>
    </p>
   </div>
  </div>
 </body>
</html>
