<?xml version="1.0" encoding="UTF-8"?>
<!DOCTYPE html PUBLIC "-//W3C//DTD XHTML 1.0 Transitional//EN"
    "http://www.w3.org/TR/xhtml1/DTD/xhtml1-transitional.dtd">
<html xmlns="http://www.w3.org/1999/xhtml" xml:lang="en" lang="en">
 <head>
  <title>
</title>
<meta http-equiv="Content-Type" content="text/html;charset=utf-8" />
  <meta name='ocr-system' content='tesseract 3.04.00' />
  <meta name='ocr-capabilities' content='ocr_page ocr_carea ocr_par ocr_line ocrx_word'/>
</head>
<body>
  <div class='ocr_page' id='page_1' title='image "./conciliaprovinc00mdgoog_0343.png"; bbox 0 0 2820 5010; ppageno 0'>
   <div class='ocr_carea' id='block_1_1' title="bbox 582 344 1246 416">
    <p class='ocr_par' dir='ltr' id='par_1_1' title="bbox 582 344 1246 416">
     <span class='ocr_line' id='line_1_1' title="bbox 582 344 1246 416; baseline -0.002 0"><span class='ocrx_word' id='word_1_1' title='bbox 582 364 811 416; x_wconf 71' lang='lat' dir='ltr'>unanimum.</span> <span class='ocrx_word' id='word_1_2' title='bbox 1200 344 1246 415; x_wconf 86' lang='lat'>31</span> 
     </span>
    </p>
   </div>
   <div class='ocr_carea' id='block_1_2' title="bbox 152 537 1253 1665">
    <p class='ocr_par' dir='ltr' id='par_1_2' title="bbox 152 537 1253 1551">
     <span class='ocr_line' id='line_1_2' title="bbox 152 537 1248 640; baseline 0.001 -26"><span class='ocrx_word' id='word_1_3' title='bbox 152 551 212 615; x_wconf 88' lang='lat' dir='ltr'>est</span> <span class='ocrx_word' id='word_1_4' title='bbox 237 539 617 639; x_wconf 88' lang='lat' dir='ltr'>Lndovicopolitano,</span> <span class='ocrx_word' id='word_1_5' title='bbox 637 539 959 640; x_wconf 90' lang='lat' dir='ltr'>Philadelpbiensi</span> <span class='ocrx_word' id='word_1_6' title='bbox 984 552 1023 615; x_wconf 89' lang='lat' dir='ltr'>et</span> <span class='ocrx_word' id='word_1_7' title='bbox 1046 537 1248 616; x_wconf 87' lang='lat' dir='ltr'>Montisre-</span> 
     </span>
     <span class='ocr_line' id='line_1_3' title="bbox 153 653 1247 753; baseline 0.001 -25"><span class='ocrx_word' id='word_1_8' title='bbox 153 654 224 753; x_wconf 89' lang='lat' dir='ltr'>gis,</span> <span class='ocrx_word' id='word_1_9' title='bbox 239 666 282 728; x_wconf 91' lang='lat' dir='ltr'>ut</span> <span class='ocrx_word' id='word_1_10' title='bbox 307 654 368 728; x_wconf 90' lang='lat' dir='ltr'>die</span> <span class='ocrx_word' id='word_1_11' title='bbox 385 653 507 729; x_wconf 78' lang='lat' dir='ltr'>Lunae</span> <span class='ocrx_word' id='word_1_12' title='bbox 523 667 694 748; x_wconf 89' lang='lat' dir='ltr'>venturo,</span> <span class='ocrx_word' id='word_1_13' title='bbox 709 654 886 729; x_wconf 89' lang='lat' dir='ltr'>Patribus</span> <span class='ocrx_word' id='word_1_14' title='bbox 912 654 1078 729; x_wconf 86' lang='lat' dir='ltr'>reserant</span> <span class='ocrx_word' id='word_1_15' title='bbox 1102 679 1186 751; x_wconf 84' lang='lat' dir='ltr'>quae</span> <span class='ocrx_word' id='word_1_16' title='bbox 1208 654 1247 729; x_wconf 91' lang='lat' dir='ltr'>in</span> 
     </span>
     <span class='ocr_line' id='line_1_4' title="bbox 154 766 1247 865; baseline 0 -23"><span class='ocrx_word' id='word_1_17' title='bbox 154 766 301 842; x_wconf 87' lang='lat' dir='ltr'>Rituali</span> <span class='ocrx_word' id='word_1_18' title='bbox 333 767 501 865; x_wconf 83' lang='lat' dir='ltr'>proxime</span> <span class='ocrx_word' id='word_1_19' title='bbox 535 768 690 842; x_wconf 80' lang='lat' dir='ltr'>edendo·</span> <span class='ocrx_word' id='word_1_20' title='bbox 718 768 912 861; x_wconf 86' lang='lat' dir='ltr'>mutanda,</span> <span class='ocrx_word' id='word_1_21' title='bbox 941 768 1161 863; x_wconf 88' lang='lat' dir='ltr'>omittenda,</span> <span class='ocrx_word' id='word_1_22' title='bbox 1188 769 1247 843; x_wconf 89' lang='lat' dir='ltr'>vel</span> 
     </span>
     <span class='ocr_line' id='line_1_5' title="bbox 154 880 1248 980; baseline 0.004 -26"><span class='ocrx_word' id='word_1_23' title='bbox 154 881 334 956; x_wconf 87' lang='lat' dir='ltr'>addenda</span> <span class='ocrx_word' id='word_1_24' title='bbox 357 880 445 975; x_wconf 90' lang='lat' dir='ltr'>sint,</span> <span class='ocrx_word' id='word_1_25' title='bbox 460 880 668 980; x_wconf 81' lang='lat' dir='ltr'>praesertim</span> <span class='ocrx_word' id='word_1_26' title='bbox 692 881 741 956; x_wconf 94' lang='lat' dir='ltr'>de</span> <span class='ocrx_word' id='word_1_27' title='bbox 763 880 1027 957; x_wconf 89' lang='lat' dir='ltr'>benedictione</span> <span class='ocrx_word' id='word_1_28' title='bbox 1052 883 1248 958; x_wconf 89' lang='lat' dir='ltr'>mulierum</span> 
     </span>
     <span class='ocr_line' id='line_1_6' title="bbox 156 995 1250 1095; baseline 0.001 -25"><span class='ocrx_word' id='word_1_29' title='bbox 156 1008 247 1070; x_wconf 89' lang='lat' dir='ltr'>ante</span> <span class='ocrx_word' id='word_1_30' title='bbox 271 1007 433 1094; x_wconf 92' lang='lat' dir='ltr'>partum,</span> <span class='ocrx_word' id='word_1_31' title='bbox 449 1007 488 1069; x_wconf 88' lang='lat' dir='ltr'>et</span> <span class='ocrx_word' id='word_1_32' title='bbox 513 995 561 1069; x_wconf 89' lang='lat' dir='ltr'>de</span> <span class='ocrx_word' id='word_1_33' title='bbox 587 995 789 1094; x_wconf 90' lang='lat' dir='ltr'>evangeliis</span> <span class='ocrx_word' id='word_1_34' title='bbox 814 995 996 1095; x_wconf 89' lang='lat' dir='ltr'>legendis,</span> <span class='ocrx_word' id='word_1_35' title='bbox 1012 1006 1051 1070; x_wconf 92' lang='lat' dir='ltr'>et</span> <span class='ocrx_word' id='word_1_36' title='bbox 1076 997 1250 1071; x_wconf 92' lang='lat' dir='ltr'>orationi-</span> 
     </span>
     <span class='ocr_line' id='line_1_7' title="bbox 155 1098 1251 1208; baseline 0.002 -25"><span class='ocrx_word' id='word_1_37' title='bbox 155 1110 225 1183; x_wconf 90' lang='lat' dir='ltr'>bus</span> <span class='ocrx_word' id='word_1_38' title='bbox 243 1109 447 1184; x_wconf 85' lang='lat' dir='ltr'>recitandis</span> <span class='ocrx_word' id='word_1_39' title='bbox 464 1133 580 1207; x_wconf 89' lang='lat' dir='ltr'>supra</span> <span class='ocrx_word' id='word_1_40' title='bbox 596 1121 771 1208; x_wconf 82' lang='lat' dir='ltr'>aegrotos.</span> <span class='ocrx_word' id='word_1_41' title='bbox 814 1108 925 1202; x_wconf 89' lang='lat' dir='ltr'>Item,</span> <span class='ocrx_word' id='word_1_42' title='bbox 936 1120 1062 1184; x_wconf 88' lang='lat' dir='ltr'>utrum</span> <span class='ocrx_word' id='word_1_43' title='bbox 1075 1098 1251 1208; x_wconf 88' lang='lat' dir='ltr'>expediat</span> 
     </span>
     <span class='ocr_line' id='line_1_8' title="bbox 157 1222 1253 1322; baseline 0.004 -26"><span class='ocrx_word' id='word_1_44' title='bbox 157 1223 198 1296; x_wconf 81' lang='lat' dir='ltr'>S.</span> <span class='ocrx_word' id='word_1_45' title='bbox 219 1222 314 1297; x_wconf 89' lang='lat' dir='ltr'>Sedi</span> <span class='ocrx_word' id='word_1_46' title='bbox 331 1222 543 1322; x_wconf 86' lang='lat' dir='ltr'>supplicare</span> <span class='ocrx_word' id='word_1_47' title='bbox 560 1235 602 1296; x_wconf 90' lang='lat' dir='ltr'>ut</span> <span class='ocrx_word' id='word_1_48' title='bbox 619 1223 885 1298; x_wconf 88' lang='lat' dir='ltr'>Calendarium</span> <span class='ocrx_word' id='word_1_49' title='bbox 903 1223 1016 1299; x_wconf 89' lang='lat' dir='ltr'>bodie</span> <span class='ocrx_word' id='word_1_50' title='bbox 1032 1224 1070 1298; x_wconf 94' lang='lat' dir='ltr'>in</span> <span class='ocrx_word' id='word_1_51' title='bbox 1087 1225 1253 1300; x_wconf 88' lang='lat' dir='ltr'>ecclesia</span> 
     </span>
     <span class='ocr_line' id='line_1_9' title="bbox 156 1335 1249 1415; baseline 0.005 -5"><span class='ocrx_word' id='word_1_52' title='bbox 156 1335 338 1411; x_wconf 86' lang='lat' dir='ltr'>Romana</span> <span class='ocrx_word' id='word_1_53' title='bbox 370 1337 550 1412; x_wconf 89' lang='lat' dir='ltr'>usitatum</span> <span class='ocrx_word' id='word_1_54' title='bbox 579 1337 629 1411; x_wconf 92' lang='lat' dir='ltr'>ad</span> <span class='ocrx_word' id='word_1_55' title='bbox 662 1336 755 1412; x_wconf 90' lang='lat' dir='ltr'>istas</span> <span class='ocrx_word' id='word_1_56' title='bbox 789 1337 1011 1414; x_wconf 89' lang='lat' dir='ltr'>Provincias</span> <span class='ocrx_word' id='word_1_57' title='bbox 1044 1340 1249 1415; x_wconf 87' lang='lat' dir='ltr'>extendere</span> 
     </span>
     <span class='ocr_line' id='line_1_10' title="bbox 155 1450 345 1551; baseline 0 -26"><span class='ocrx_word' id='word_1_58' title='bbox 155 1450 345 1551; x_wconf 84' lang='lat' dir='ltr'><strong>dignetur.</strong></span> 
     </span>
    </p>

    <p class='ocr_par' dir='ltr' id='par_1_3' title="bbox 207 1565 1251 1665">
     <span class='ocr_line' id='line_1_11' title="bbox 207 1565 1251 1665; baseline 0.004 -26"><span class='ocrx_word' id='word_1_59' title='bbox 207 1565 351 1640; x_wconf 87' lang='lat' dir='ltr'>Latum</span> <span class='ocrx_word' id='word_1_60' title='bbox 384 1577 444 1640; x_wconf 91' lang='lat' dir='ltr'>est</span> <span class='ocrx_word' id='word_1_61' title='bbox 478 1566 674 1643; x_wconf 88' lang='lat' dir='ltr'>decretum</span> <span class='ocrx_word' id='word_1_62' title='bbox 709 1568 812 1665; x_wconf 93' lang='lat' dir='ltr'>quod</span> <span class='ocrx_word' id='word_1_63' title='bbox 852 1566 1000 1665; x_wconf 86' lang='lat' dir='ltr'>incipit:</span> <span class='ocrx_word' id='word_1_64' title='bbox 1041 1568 1251 1644; x_wconf 76' lang='lat' dir='ltr'><strong><em>Decretum</em></strong></span> 
     </span>
    </p>
   </div>
   <div class='ocr_carea' id='block_1_3' title="bbox 157 1692 1265 1881">
    <p class='ocr_par' dir='ltr' id='par_1_4' title="bbox 157 1692 1265 1881">
     <span class='ocr_line' id='line_1_12' title="bbox 157 1692 1265 1881; baseline 0.003 -27"><span class='ocrx_word' id='word_1_65' title='bbox 157 1692 465 1881; x_wconf 47' lang='lat' dir='ltr'>scasstpppmgatio</span> <span class='ocrx_word' id='word_1_66' title='bbox 491 1782 539 1856; x_wconf 89' lang='lat' dir='ltr'>de</span> <span class='ocrx_word' id='word_1_67' title='bbox 565 1781 832 1878; x_wconf 73' lang='lat' dir='ltr'>questionibus</span> <span class='ocrx_word' id='word_1_68' title='bbox 858 1781 908 1855; x_wconf 91' lang='lat' dir='ltr'>ad</span> <span class='ocrx_word' id='word_1_69' title='bbox 935 1782 1000 1880; x_wconf 91' lang='lat' dir='ltr'>jus</span> <span class='ocrx_word' id='word_1_70' title='bbox 1026 1782 1265 1858; x_wconf 91' lang='lat' dir='ltr'>canonicum.</span> 
     </span>
    </p>
   </div>
   <div class='ocr_carea' id='block_1_4' title="bbox 142 1895 1312 4381">
    <p class='ocr_par' dir='ltr' id='par_1_5' title="bbox 159 1895 1253 2311">
     <span class='ocr_line' id='line_1_13' title="bbox 159 1895 1250 1993; baseline 0.004 -26"><span class='ocrx_word' id='word_1_71' title='bbox 159 1895 430 1990; x_wconf 89' lang='lat' dir='ltr'>spectantibus,</span> <span class='ocrx_word' id='word_1_72' title='bbox 446 1895 509 1970; x_wconf 94' lang='lat' dir='ltr'>cui</span> <span class='ocrx_word' id='word_1_73' title='bbox 534 1895 660 1969; x_wconf 91' lang='lat' dir='ltr'>delata</span> <span class='ocrx_word' id='word_1_74' title='bbox 683 1895 805 1969; x_wconf 88' lang='lat' dir='ltr'>suerat</span> <span class='ocrx_word' id='word_1_75' title='bbox 830 1895 987 1992; x_wconf 84' lang='lat' dir='ltr'>quaestio</span> <span class='ocrx_word' id='word_1_76' title='bbox 1012 1896 1184 1993; x_wconf 84' lang='lat' dir='ltr'>quaedam</span> <span class='ocrx_word' id='word_1_77' title='bbox 1202 1897 1250 1971; x_wconf 91' lang='lat' dir='ltr'>de</span> 
     </span>
     <span class='ocr_line' id='line_1_14' title="bbox 159 2006 1253 2102; baseline 0.004 -22"><span class='ocrx_word' id='word_1_78' title='bbox 159 2006 290 2082; x_wconf 90' lang='lat' dir='ltr'>diebus</span> <span class='ocrx_word' id='word_1_79' title='bbox 308 2009 463 2102; x_wconf 82' lang='lat' dir='ltr'>festivis,</span> <span class='ocrx_word' id='word_1_80' title='bbox 474 2007 626 2083; x_wconf 89' lang='lat' dir='ltr'>hortatu</span> <span class='ocrx_word' id='word_1_81' title='bbox 643 2008 914 2084; x_wconf 89' lang='lat' dir='ltr'>Gubernatoris</span> <span class='ocrx_word' id='word_1_82' title='bbox 928 2008 1044 2083; x_wconf 87' lang='lat' dir='ltr'>civilis</span> <span class='ocrx_word' id='word_1_83' title='bbox 1062 2009 1253 2084; x_wconf 89' lang='lat' dir='ltr'>celebran-</span> 
     </span>
     <span class='ocr_line' id='line_1_15' title="bbox 159 2121 1250 2221; baseline 0.003 -27"><span class='ocrx_word' id='word_1_84' title='bbox 159 2121 229 2214; x_wconf 88' lang='lat' dir='ltr'>dis,</span> <span class='ocrx_word' id='word_1_85' title='bbox 244 2122 522 2221; x_wconf 88' lang='lat' dir='ltr'>responderunt</span> <span class='ocrx_word' id='word_1_86' title='bbox 538 2147 683 2197; x_wconf 91' lang='lat' dir='ltr'>morem</span> <span class='ocrx_word' id='word_1_87' title='bbox 701 2122 804 2197; x_wconf 89' lang='lat' dir='ltr'>illum</span> <span class='ocrx_word' id='word_1_88' title='bbox 822 2121 913 2197; x_wconf 91' lang='lat' dir='ltr'>nulli</span> <span class='ocrx_word' id='word_1_89' title='bbox 929 2121 1130 2198; x_wconf 80' lang='lat' dir='ltr'>Benedicti</span> <span class='ocrx_word' id='word_1_90' title='bbox 1154 2122 1250 2197; x_wconf 89' lang='lat' dir='ltr'>XIV</span> 
     </span>
     <span class='ocr_line' id='line_1_16' title="bbox 161 2235 884 2311; baseline 0.001 -1"><span class='ocrx_word' id='word_1_91' title='bbox 161 2236 429 2311; x_wconf 87' lang='lat' dir='ltr'>Constitutioni</span> <span class='ocrx_word' id='word_1_92' title='bbox 447 2236 659 2311; x_wconf 78' lang='lat' dir='ltr'>adversari·</span> <span class='ocrx_word' id='word_1_93' title='bbox 705 2248 710 2255; x_wconf 88' lang='lat'><em>&#39;</em></span> <span class='ocrx_word' id='word_1_94' title='bbox 880 2235 884 2240; x_wconf 77' lang='grc'><strong>’</strong></span> 
     </span>
    </p>

    <p class='ocr_par' dir='ltr' id='par_1_6' title="bbox 142 2349 1312 2905">
     <span class='ocr_line' id='line_1_17' title="bbox 208 2349 1312 2449; baseline 0.002 -25"><span class='ocrx_word' id='word_1_95' title='bbox 208 2349 345 2424; x_wconf 88' lang='lat' dir='ltr'>Eidem</span> <span class='ocrx_word' id='word_1_96' title='bbox 364 2350 663 2449; x_wconf 81' lang='lat' dir='ltr'>congregationi</span> <span class='ocrx_word' id='word_1_97' title='bbox 679 2350 923 2426; x_wconf 90' lang='lat' dir='ltr'>commissum</span> <span class='ocrx_word' id='word_1_98' title='bbox 934 2362 994 2424; x_wconf 91' lang='lat' dir='ltr'>est</span> <span class='ocrx_word' id='word_1_99' title='bbox 1009 2350 1150 2424; x_wconf 85' lang='lat' dir='ltr'>referre</span> <span class='ocrx_word' id='word_1_100' title='bbox 1163 2351 1253 2447; x_wconf 91' lang='lat' dir='ltr'>quid</span> <span class='ocrx_word' id='word_1_101' title='bbox 1309 2404 1312 2409; x_wconf 86' lang='lat'>-</span> 
     </span>
     <span class='ocr_line' id='line_1_18' title="bbox 160 2462 1253 2559; baseline 0.002 -23"><span class='ocrx_word' id='word_1_102' title='bbox 160 2462 201 2536; x_wconf 89' lang='lat' dir='ltr'>S.</span> <span class='ocrx_word' id='word_1_103' title='bbox 222 2464 316 2539; x_wconf 85' lang='lat' dir='ltr'>Sedi</span> <span class='ocrx_word' id='word_1_104' title='bbox 333 2464 616 2539; x_wconf 87' lang='lat' dir='ltr'>rescribendum</span> <span class='ocrx_word' id='word_1_105' title='bbox 633 2464 683 2537; x_wconf 87' lang='lat' dir='ltr'>ad</span> <span class='ocrx_word' id='word_1_106' title='bbox 708 2464 908 2539; x_wconf 81' lang='lat' dir='ltr'>facultates</span> <span class='ocrx_word' id='word_1_107' title='bbox 927 2464 1253 2559; x_wconf 88' lang='lat' dir='ltr'>extraordinarias,</span> 
     </span>
     <span class='ocr_line' id='line_1_19' title="bbox 160 2577 1253 2675; baseline -0.001 -24"><span class='ocrx_word' id='word_1_108' title='bbox 160 2577 366 2675; x_wconf 68' lang='lat' dir='ltr'>praesertim</span> <span class='ocrx_word' id='word_1_109' title='bbox 401 2577 505 2652; x_wconf 87' lang='lat' dir='ltr'>circa</span> <span class='ocrx_word' id='word_1_110' title='bbox 536 2577 775 2652; x_wconf 90' lang='lat' dir='ltr'>matrimonia</span> <span class='ocrx_word' id='word_1_111' title='bbox 803 2578 933 2671; x_wconf 85' lang='lat' dir='ltr'>mixta,</span> <span class='ocrx_word' id='word_1_112' title='bbox 957 2589 1023 2651; x_wconf 88' lang='lat' dir='ltr'>aut</span> <span class='ocrx_word' id='word_1_113' title='bbox 1056 2577 1119 2652; x_wconf 90' lang='lat' dir='ltr'>ubi</span> <span class='ocrx_word' id='word_1_114' title='bbox 1143 2577 1253 2652; x_wconf 88' lang='lat' dir='ltr'>adest</span> 
     </span>
     <span class='ocr_line' id='line_1_20' title="bbox 161 2691 1253 2790; baseline 0 -26"><span class='ocrx_word' id='word_1_115' title='bbox 161 2691 268 2788; x_wconf 93' lang='lat' dir='ltr'>primi</span> <span class='ocrx_word' id='word_1_116' title='bbox 293 2693 432 2790; x_wconf 90' lang='lat' dir='ltr'>gradus</span> <span class='ocrx_word' id='word_1_117' title='bbox 459 2691 661 2786; x_wconf 87' lang='lat' dir='ltr'>affinitatis,</span> <span class='ocrx_word' id='word_1_118' title='bbox 677 2693 736 2766; x_wconf 91' lang='lat' dir='ltr'>vel</span> <span class='ocrx_word' id='word_1_119' title='bbox 761 2691 919 2766; x_wconf 87' lang='lat' dir='ltr'>secundi</span> <span class='ocrx_word' id='word_1_120' title='bbox 937 2691 1075 2790; x_wconf 91' lang='lat' dir='ltr'>gradus</span> <span class='ocrx_word' id='word_1_121' title='bbox 1101 2691 1253 2766; x_wconf 91' lang='lat' dir='ltr'>collate·</span> 
     </span>
     <span class='ocr_line' id='line_1_21' title="bbox 142 2805 935 2905; baseline 0 -28"><span class='ocrx_word' id='word_1_122' title='bbox 142 2805 247 2905; x_wconf 41' lang='lat' dir='ltr'>·ralis</span> <span class='ocrx_word' id='word_1_123' title='bbox 265 2805 600 2905; x_wconf 85' lang='lat' dir='ltr'>consanguinitatis</span> <span class='ocrx_word' id='word_1_124' title='bbox 618 2805 935 2905; x_wconf 88' lang='lat' dir='ltr'>impedimentum.</span> 
     </span>
    </p>

    <p class='ocr_par' dir='ltr' id='par_1_7' title="bbox 162 2918 1253 3131">
     <span class='ocr_line' id='line_1_22' title="bbox 210 2918 1253 3020; baseline 0.001 -27"><span class='ocrx_word' id='word_1_125' title='bbox 210 2920 365 2995; x_wconf 87' lang='lat' dir='ltr'>Relatio</span> <span class='ocrx_word' id='word_1_126' title='bbox 384 2921 555 3020; x_wconf 88' lang='lat' dir='ltr'>ejusdem</span> <span class='ocrx_word' id='word_1_127' title='bbox 574 2920 891 3020; x_wconf 73' lang='lat' dir='ltr'>congregationis</span> <span class='ocrx_word' id='word_1_128' title='bbox 909 2919 1009 2994; x_wconf 89' lang='lat' dir='ltr'>lecta</span> <span class='ocrx_word' id='word_1_129' title='bbox 1026 2918 1095 2993; x_wconf 86' lang='lat' dir='ltr'>fuit</span> <span class='ocrx_word' id='word_1_130' title='bbox 1112 2920 1160 2994; x_wconf 92' lang='lat' dir='ltr'>de</span> <span class='ocrx_word' id='word_1_131' title='bbox 1177 2945 1253 2994; x_wconf 92' lang='lat' dir='ltr'>non</span> 
     </span>
     <span class='ocr_line' id='line_1_23' title="bbox 162 3034 813 3131; baseline 0.002 -23"><span class='ocrx_word' id='word_1_132' title='bbox 162 3035 387 3131; x_wconf 87' lang='lat' dir='ltr'>publicando</span> <span class='ocrx_word' id='word_1_133' title='bbox 406 3035 561 3111; x_wconf 91' lang='lat' dir='ltr'>decreto</span> <span class='ocrx_word' id='word_1_134' title='bbox 579 3034 813 3109; x_wconf 85' lang='lat' dir='ltr'>Tridentino.</span> 
     </span>
    </p>

    <p class='ocr_par' dir='ltr' id='par_1_8' title="bbox 162 3147 1256 3476">
     <span class='ocr_line' id='line_1_24' title="bbox 211 3147 1256 3246; baseline 0.001 -24"><span class='ocrx_word' id='word_1_135' title='bbox 211 3147 351 3223; x_wconf 91' lang='lat' dir='ltr'>Latum</span> <span class='ocrx_word' id='word_1_136' title='bbox 369 3161 429 3223; x_wconf 88' lang='lat' dir='ltr'>est</span> <span class='ocrx_word' id='word_1_137' title='bbox 459 3150 655 3225; x_wconf 88' lang='lat' dir='ltr'>decretum</span> <span class='ocrx_word' id='word_1_138' title='bbox 681 3150 783 3246; x_wconf 93' lang='lat' dir='ltr'>quod</span> <span class='ocrx_word' id='word_1_139' title='bbox 810 3148 952 3246; x_wconf 80' lang='lat' dir='ltr'>incipit,</span> <span class='ocrx_word' id='word_1_140' title='bbox 969 3151 1155 3224; x_wconf 84' lang='lat' dir='ltr'>Statuunt</span> <span class='ocrx_word' id='word_1_141' title='bbox 1180 3149 1256 3223; x_wconf 87' lang='lat' dir='ltr'>Po-</span> 
     </span>
     <span class='ocr_line' id='line_1_25' title="bbox 162 3263 1256 3362; baseline 0.001 -26"><span class='ocrx_word' id='word_1_142' title='bbox 162 3275 252 3357; x_wconf 82' lang='lat' dir='ltr'>tres,</span> <span class='ocrx_word' id='word_1_143' title='bbox 277 3263 326 3337; x_wconf 89' lang='lat' dir='ltr'>de</span> <span class='ocrx_word' id='word_1_144' title='bbox 348 3263 493 3337; x_wconf 74' lang='lat' dir='ltr'>*bannis</span> <span class='ocrx_word' id='word_1_145' title='bbox 519 3263 778 3362; x_wconf 83' lang='lat' dir='ltr'>publicandis3</span> <span class='ocrx_word' id='word_1_146' title='bbox 811 3263 1103 3338; x_wconf 89' lang='lat' dir='ltr'>assentientibus</span> <span class='ocrx_word' id='word_1_147' title='bbox 1129 3263 1256 3362; x_wconf 87' lang='lat' dir='ltr'>viginti</span> 
     </span>
     <span class='ocr_line' id='line_1_26' title="bbox 162 3376 1164 3476; baseline 0 -26"><span class='ocrx_word' id='word_1_148' title='bbox 162 3376 278 3451; x_wconf 92' lang='lat' dir='ltr'>tribus</span> <span class='ocrx_word' id='word_1_149' title='bbox 296 3378 477 3474; x_wconf 93' lang='lat' dir='ltr'>patribus,</span> <span class='ocrx_word' id='word_1_150' title='bbox 493 3389 641 3476; x_wconf 87' lang='lat' dir='ltr'>septem</span> <span class='ocrx_word' id='word_1_151' title='bbox 658 3402 680 3450; x_wconf 93' lang='lat' dir='ltr'>e</span> <span class='ocrx_word' id='word_1_152' title='bbox 697 3388 832 3452; x_wconf 88' lang='lat' dir='ltr'>contra</span> <span class='ocrx_word' id='word_1_153' title='bbox 849 3376 1164 3452; x_wconf 88' lang='lat' dir='ltr'>dissentientibus.</span> 
     </span>
    </p>

    <p class='ocr_par' dir='ltr' id='par_1_9' title="bbox 159 3490 1259 4381">
     <span class='ocr_line' id='line_1_27' title="bbox 210 3490 1258 3587; baseline -0.002 -22"><span class='ocrx_word' id='word_1_154' title='bbox 210 3490 437 3565; x_wconf 88' lang='lat' dir='ltr'>Mandatum</span> <span class='ocrx_word' id='word_1_155' title='bbox 464 3504 523 3566; x_wconf 89' lang='lat' dir='ltr'>est</span> <span class='ocrx_word' id='word_1_156' title='bbox 556 3490 778 3584; x_wconf 85' lang='lat' dir='ltr'>Albanensi,</span> <span class='ocrx_word' id='word_1_157' title='bbox 802 3490 1081 3587; x_wconf 90' lang='lat' dir='ltr'>Pittsburgensi</span> <span class='ocrx_word' id='word_1_158' title='bbox 1106 3503 1145 3565; x_wconf 88' lang='lat' dir='ltr'>et</span> <span class='ocrx_word' id='word_1_159' title='bbox 1170 3491 1258 3564; x_wconf 90' lang='lat' dir='ltr'>Gal-</span> 
     </span>
     <span class='ocr_line' id='line_1_28' title="bbox 163 3604 1256 3702; baseline -0.001 -24"><span class='ocrx_word' id='word_1_160' title='bbox 163 3604 405 3699; x_wconf 88' lang='lat' dir='ltr'>vestoniensi,</span> <span class='ocrx_word' id='word_1_161' title='bbox 439 3616 480 3679; x_wconf 91' lang='lat' dir='ltr'>ut</span> <span class='ocrx_word' id='word_1_162' title='bbox 513 3604 679 3680; x_wconf 85' lang='lat' dir='ltr'>referant</span> <span class='ocrx_word' id='word_1_163' title='bbox 712 3617 837 3678; x_wconf 90' lang='lat' dir='ltr'>utrum</span> <span class='ocrx_word' id='word_1_164' title='bbox 872 3605 1049 3702; x_wconf 85' lang='lat' dir='ltr'>expediat</span> <span class='ocrx_word' id='word_1_165' title='bbox 1083 3605 1124 3678; x_wconf 87' lang='lat' dir='ltr'>S.</span> <span class='ocrx_word' id='word_1_166' title='bbox 1161 3604 1256 3677; x_wconf 87' lang='lat' dir='ltr'>Sedi</span> 
     </span>
     <span class='ocr_line' id='line_1_29' title="bbox 162 3718 1257 3817; baseline -0.003 -24"><span class='ocrx_word' id='word_1_167' title='bbox 162 3718 386 3817; x_wconf 90' lang='lat' dir='ltr'>supplicare,</span> <span class='ocrx_word' id='word_1_168' title='bbox 396 3730 437 3793; x_wconf 94' lang='lat' dir='ltr'>ut</span> <span class='ocrx_word' id='word_1_169' title='bbox 450 3743 627 3816; x_wconf 91' lang='lat' dir='ltr'>suprema</span> <span class='ocrx_word' id='word_1_170' title='bbox 637 3718 862 3794; x_wconf 88' lang='lat' dir='ltr'>auctoritate</span> <span class='ocrx_word' id='word_1_171' title='bbox 874 3742 964 3817; x_wconf 90' lang='lat' dir='ltr'>erga</span> <span class='ocrx_word' id='word_1_172' title='bbox 976 3718 1058 3791; x_wconf 91' lang='lat' dir='ltr'>illas</span> <span class='ocrx_word' id='word_1_173' title='bbox 1071 3718 1257 3792; x_wconf 88' lang='lat' dir='ltr'>dioeccses</span> 
     </span>
     <span class='ocr_line' id='line_1_30' title="bbox 159 3831 1256 3931; baseline -0.004 -24"><span class='ocrx_word' id='word_1_174' title='bbox 159 3832 197 3907; x_wconf 93' lang='lat' dir='ltr'>in</span> <span class='ocrx_word' id='word_1_175' title='bbox 214 3833 347 3931; x_wconf 90' lang='lat' dir='ltr'>quibus</span> <span class='ocrx_word' id='word_1_176' title='bbox 366 3832 579 3906; x_wconf 88' lang='lat' dir='ltr'>Concilium</span> <span class='ocrx_word' id='word_1_177' title='bbox 604 3831 868 3907; x_wconf 87' lang='lat' dir='ltr'>Tridentinum</span> <span class='ocrx_word' id='word_1_178' title='bbox 886 3831 944 3904; x_wconf 90' lang='lat' dir='ltr'>vel</span> <span class='ocrx_word' id='word_1_179' title='bbox 961 3843 1081 3925; x_wconf 90' lang='lat' dir='ltr'>certo,</span> <span class='ocrx_word' id='word_1_180' title='bbox 1097 3831 1155 3904; x_wconf 90' lang='lat' dir='ltr'>vel</span> <span class='ocrx_word' id='word_1_181' title='bbox 1173 3855 1256 3929; x_wconf 93' lang='lat' dir='ltr'>pro·</span> 
     </span>
     <span class='ocr_line' id='line_1_31' title="bbox 163 3943 1256 4046; baseline -0.003 -26"><span class='ocrx_word' id='word_1_182' title='bbox 163 3946 331 4021; x_wconf 90' lang='lat' dir='ltr'>babiliter</span> <span class='ocrx_word' id='word_1_183' title='bbox 355 3947 587 4046; x_wconf 89' lang='lat' dir='ltr'>publicatum</span> <span class='ocrx_word' id='word_1_184' title='bbox 604 3958 676 4041; x_wconf 90' lang='lat' dir='ltr'>est,</span> <span class='ocrx_word' id='word_1_185' title='bbox 691 3947 745 4020; x_wconf 93' lang='lat' dir='ltr'>ita</span> <span class='ocrx_word' id='word_1_186' title='bbox 770 3945 976 4042; x_wconf 86' lang='lat' dir='ltr'>dispenset,</span> <span class='ocrx_word' id='word_1_187' title='bbox 992 3956 1034 4018; x_wconf 92' lang='lat' dir='ltr'>ut</span> <span class='ocrx_word' id='word_1_188' title='bbox 1059 3944 1097 4020; x_wconf 92' lang='lat' dir='ltr'>in</span> <span class='ocrx_word' id='word_1_189' title='bbox 1121 3943 1256 4018; x_wconf 89' lang='lat' dir='ltr'>iisdem</span> 
     </span>
     <span class='ocr_line' id='line_1_32' title="bbox 163 4057 1257 4135; baseline -0.003 -1"><span class='ocrx_word' id='word_1_190' title='bbox 163 4061 297 4135; x_wconf 91' lang='lat' dir='ltr'>eadem</span> <span class='ocrx_word' id='word_1_191' title='bbox 323 4060 371 4135; x_wconf 94' lang='lat' dir='ltr'>sit</span> <span class='ocrx_word' id='word_1_192' title='bbox 396 4085 442 4135; x_wconf 90' lang='lat' dir='ltr'>ac</span> <span class='ocrx_word' id='word_1_193' title='bbox 468 4060 506 4134; x_wconf 93' lang='lat' dir='ltr'>in</span> <span class='ocrx_word' id='word_1_194' title='bbox 531 4061 668 4135; x_wconf 86' lang='lat' dir='ltr'>ceteris</span> <span class='ocrx_word' id='word_1_195' title='bbox 695 4058 920 4134; x_wconf 88' lang='lat' dir='ltr'>dioecesibus</span> <span class='ocrx_word' id='word_1_196' title='bbox 948 4059 995 4131; x_wconf 91' lang='lat' dir='ltr'>de</span> <span class='ocrx_word' id='word_1_197' title='bbox 1012 4057 1257 4132; x_wconf 87' lang='lat' dir='ltr'>matrimoniis</span> 
     </span>
     <span class='ocr_line' id='line_1_33' title="bbox 163 4172 1259 4266; baseline -0.003 -19"><span class='ocrx_word' id='word_1_198' title='bbox 163 4173 334 4249; x_wconf 91' lang='lat' dir='ltr'>ineundis</span> <span class='ocrx_word' id='word_1_199' title='bbox 353 4174 616 4249; x_wconf 86' lang='lat' dir='ltr'>ecclesiastica</span> <span class='ocrx_word' id='word_1_200' title='bbox 641 4175 725 4266; x_wconf 82' lang='lat' dir='ltr'>lex;</span> <span class='ocrx_word' id='word_1_201' title='bbox 750 4172 1040 4246; x_wconf 88' lang='lat' dir='ltr'>assentientibus</span> <span class='ocrx_word' id='word_1_202' title='bbox 1068 4173 1259 4249; x_wconf 88' lang='lat' dir='ltr'>decernet</span> 
     </span>
     <span class='ocr_line' id='line_1_34' title="bbox 163 4285 799 4381; baseline -0.006 -20"><span class='ocrx_word' id='word_1_203' title='bbox 163 4301 265 4381; x_wconf 88' lang='lat' dir='ltr'>octo,</span> <span class='ocrx_word' id='word_1_204' title='bbox 282 4288 588 4362; x_wconf 87' lang='lat' dir='ltr'>dissentientibus</span> <span class='ocrx_word' id='word_1_205' title='bbox 604 4285 799 4362; x_wconf 91' lang='lat' dir='ltr'>tredecim.</span> 
     </span>
    </p>
   </div>
   <div class='ocr_carea' id='block_1_5' title="bbox 0 0 1430 5010">
    <p class='ocr_par' dir='ltr' id='par_1_10' title="bbox 0 0 1430 5010">
     <span class='ocr_line' id='line_1_35' title="bbox 0 0 1430 5010; baseline 0 0"><span class='ocrx_word' id='word_1_206' title='bbox 0 0 1430 5010; x_wconf 95' lang='lat' dir='ltr'> </span> 
     </span>
    </p>
   </div>
  </div>
 </body>
</html>
