2820 5010
343 378 346 384 ’
498 413 751 466 rnovrnenur
778 416 827 467 ιν.
1141 394 1212 465 187

108 592 256 692 requiri
308 591 551 667 Proetercdin
565 592 724 667 decreto
736 603 861 687 sexto,
870 592 934 667 ubi
951 615 1077 666 sermo
1091 602 1151 665 est
1164 590 1214 666 de

107 706 409 785 adolescentium
422 731 469 783 co
482 730 687 806 puerorum
699 706 738 780 in
751 706 893 782 scholis
905 706 1153 801 institutione,
1163 706 1213 781 ud

108 846 262 899 omnem
275 846 353 898 non
365 822 460 897 enus
477 822 646 921 probetae
657 820 977 922 interpretationis
991 833 1214 922 praetextum

109 938 368 1032 auferendum,
385 937 427 1011 S.
446 936 707 1036 congregotio
725 938 841 1011 verba
860 937 925 1010 illa
942 937 1105 1012 delendo
1126 959 1213 1011 esse

109 1052 289 1128 arbitratu
304 1063 378 1145 est,
388 1076 480 1127 eum
490 1051 683 1126 libertatis
700 1053 962 1146 conscientie,
974 1066 1092 1150 queam
1109 1052 1215 1152 leges

108 1168 239 1243 civiles
253 1168 352 1268 r'poae
368 1176 540 1260 tuentur,
557 1166 797 1241 detrimcrtto.

158 1280 276 1357 Circe
292 1280 508 1381 petitiones,
520 1279 670 1378 Synodi
685 1280 851 1374 nomine,
864 1278 996 1354 ssno
1014 1277 1105 1352 Duo
1117 1276 1216 1354 Noe

108 1394 303 1471 noscens
314 1394 364 1470 dc
374 1393 580 1493 Episcopis
593 1392 933 1488 Richmondensis,
941 1393 981 1469 N
982 1392 1215 1468 atchetensis

108 1519 148 1583 et
170 1507 429 1584 Detroitensis
446 1509 657 1584 dioeoesum
673 1507 846 1608 regimini
862 1507 1111 1601 destinandis,
1127 1506 1216 1582 huic

109 1621 284 1720 epistoloe
298 1622 472 1722 adjectus
486 1622 710 1722 Amplitudo
726 1635 794 1697 tun
810 1620 974 1720 accipiet
992 1621 1216 1696 Sanctitctis

110 1735 204 1814 Sum
225 1736 370 1813 litteren
388 1736 650 1836 Apostolices,
665 1760 714 1811 cx
732 1736 866 1834 quibus
890 1735 1075 1835 intelliget
1099 1735 1217 1810 Rich·

109 1851 360 1927 mondensem
373 1850 610 1950 Episcopum
628 1850 793 1925 electum
807 1875 896 1924 esse
912 1849 964 1925 R.
979 1850 1030 1925 D.
1045 1850 1216 1925 chcsn·

110 1988 196 2043 uun
212 1964 417 2058 Wnuunn3
439 1963 745 2041 Nntchetcnsem
766 1963 866 2058 verb,
886 1964 938 2039 R.
960 1963 1011 2039 D.
1028 1964 1056 2038 J
1059 1987 1215 2040 onunnn

109 2078 320 2156 Josrrnmr
337 2080 551 2173 Cunnum
571 2077 857 2154 Detroitensem
874 2077 1037 2178 denique
1052 2079 1218 2178 Cordju·

110 2207 247 2290 torem,
257 2218 328 2271 seu
346 2193 717 2288 ministratorem,
729 2218 818 2269 cum
835 2193 939 2267 omni
954 2193 993 2267 in
1009 2194 1112 2269 illum
1127 2194 1217 2269 dim

109 2309 231 2386 cuim
256 2307 480 2409 Episcopuli
498 2295 814 2409 jurisdictione‚'t
829 2308 938 2407 cujus
957 2309 1139 2384 exercitio
1163 2307 1237 2389 R..

111 2421 156 2500 P.
172 2422 227 2501 D.
242 2422 358 2501 Rrsr
375 2446 587 2523 suspensus
605 2433 746 2518 munet,
758 2423 924 2499 electum
941 2447 1029 2497 esse
1047 2423 1068 2497 i
1085 2421 1217 2497 SStno

112 2538 205 2614 Dtto
226 2537 373 2614 Nostro
394 2537 446 2613 R.
465 2538 515 2613 D.
533 2538 721 2613 Jonnneu
742 2537 961 2612 Burrrsrnn
980 2537 1100 2630 Duru,
1118 2537 1218 2612 Con·

113 2651 344 2754 grognuonis
360 2651 571 2747 Minionis,
583 2651 648 2750 qui
660 2651 710 2726 ud
727 2650 1004 2751 Episcopatum
1021 2663 1217 2751 promotus

111 2778 183 2842 est
234 2765 463 2843 Memorntoe
490 2766 626 2842 littere
650 2765 887 2865 Apostolioae
911 2766 1153 2842 continentur
1177 2766 1218 2843 in

111 2881 282 2983 epistolis
295 2882 344 2958 nd
363 2881 532 2983 singulos
550 2894 627 2959 tres
641 2881 735 2956 istos
753 2880 943 2955 Praesules
957 2881 977 2954 b
992 2882 1033 2955 S.
1049 2881 1218 2980 Congre

112 2994 265 3097 getium
282 2996 458 3096 scriptus,
474 3018 569 3096 quas
587 2995 810 3096 Amplitudo
828 3007 895 3070 tua
916 2994 987 3069 illis
1011 2995 1216 3070 tradendus

112 3112 270 3189 curabit.
319 3112 386 3188 Tu
409 3112 491 3212 ipse
509 3112 596 3188 verb
616 3136 698 3186 rem
716 3110 968 3211 gratissimum
986 3108 1028 3186 S.
1048 3111 1217 3210 Congre

113 3226 256 3327 gntioni
271 3225 404 3322 facies,
421 3228 589 3328 singulos
615 3225 813 3325 plurimum
839 3225 1026 3299 hortando
1044 3237 1086 3300 ut
1103 3227 1217 3301 colle·

112 3354 194 3418 tum
210 3341 256 3417 iis
269 3342 318 3416 eb
332 3341 556 3442 Apostolici
573 3341 679 3416 Sede
696 3365 833 3416 munus
851 3339 980 3415 libenti
997 3339 1122 3415 animo
1136 3366 1216 3415 sus·

113 3453 266 3555 cipiunt.

160 3568 227 3647 Do
251 3569 411 3669 plurium
430 3569 662 3645 Sanctorum
680 3569 812 3643 officiis
830 3569 868 3643 in
886 3568 1059 3644 omnibus
1078 3569 1216 3645 Foedc·

112 3694 207 3759 rctae
222 3682 414 3759 Americae
437 3682 753 3783 septentrionalis
775 3683 1003 3759 diecesibus
1028 3684 1068 3759 in
1092 3695 1217 3783 poste

113 3822 197 3874 rum
213 3796 451 3893 adhibendis,
464 3798 586 3897 deque
604 3797 749 3873 indulto
767 3822 882 3896 super
898 3811 1089 3899 praecepto
1107 3800 1218 3876 absti-

112 3910 251 3989 nentiae
264 3910 326 3987 die
344 3913 517 4007 subbato,
529 3913 683 4010 quando
695 3912 881 4011 jejunium
898 3939 975 3988 non
989 3913 1143 4013 obligat,
1155 3938 1218 4014 pe-

111 4026 269 4103 culiaria
281 4026 374 4102 item
391 4026 480 4103 huic
494 4026 664 4125 epistolae
677 4027 830 4126 adjecta
841 4028 1027 4126 rescripta
1038 4029 1216 4128 accipies.

161 4140 354 4217 Prreterei
371 4143 473 4239 quod
499 4141 725 4239 spectatori
750 4142 889 4216 festum
913 4166 959 4217 nc
986 4144 1217 4244 pervip'lium

114 4255 191 4330 SS.
209 4256 485 4356 Apostolorum
502 4255 609 4330 Petri
626 4267 665 4329 et
685 4255 809 4350 Pauli,
825 4256 907 4331 hmo
926 4257 991 4331 tibi
1009 4258 1218 4357 significan-

114 4371 177 4467 dc,
202 4371 335 4448 ssno
365 4370 455 4446 Dtto
485 4370 629 4447 Nostro
660 4373 859 4471 probante,
889 4372 1217 4472 §.congregatio
