<?xml version="1.0" encoding="UTF-8"?>
<!DOCTYPE html PUBLIC "-//W3C//DTD XHTML 1.0 Transitional//EN"
    "http://www.w3.org/TR/xhtml1/DTD/xhtml1-transitional.dtd">
<html xmlns="http://www.w3.org/1999/xhtml" xml:lang="en" lang="en">
 <head>
  <title>
</title>
<meta http-equiv="Content-Type" content="text/html;charset=utf-8" />
  <meta name='ocr-system' content='tesseract 3.04.00' />
  <meta name='ocr-capabilities' content='ocr_page ocr_carea ocr_par ocr_line ocrx_word'/>
</head>
<body>
  <div class='ocr_page' id='page_1' title='image "./conciliaprovinc00mdgoog_0194.png"; bbox 0 0 2820 5010; ppageno 0'>
   <div class='ocr_carea' id='block_1_1' title="bbox 150 360 964 458">
    <p class='ocr_par' dir='ltr' id='par_1_1' title="bbox 150 360 964 458">
     <span class='ocr_line' id='line_1_1' title="bbox 150 360 964 458; baseline -0.007 0"><span class='ocrx_word' id='word_1_1' title='bbox 150 386 225 458; x_wconf 79' lang='grc'>192</span> <span class='ocrx_word' id='word_1_2' title='bbox 434 404 648 457; x_wconf 67' lang='lat' dir='ltr'>concinium</span> <span class='ocrx_word' id='word_1_3' title='bbox 674 360 964 457; x_wconf 67' lang='lat' dir='ltr'>nnnniuo&#39;annse</span> 
     </span>
    </p>
   </div>
   <div class='ocr_carea' id='block_1_2' title="bbox 146 575 1252 1023">
    <p class='ocr_par' dir='ltr' id='par_1_2' title="bbox 146 575 1249 795">
     <span class='ocr_line' id='line_1_2' title="bbox 147 575 1249 681; baseline -0.008 -25"><span class='ocrx_word' id='word_1_4' title='bbox 147 583 231 656; x_wconf 75' lang='lat' dir='ltr'>vati</span> <span class='ocrx_word' id='word_1_5' title='bbox 248 582 419 681; x_wconf 87' lang='lat' dir='ltr'>ejusdem</span> <span class='ocrx_word' id='word_1_6' title='bbox 436 580 555 657; x_wconf 75' lang='lat' dir='ltr'>sonui</span> <span class='ocrx_word' id='word_1_7' title='bbox 571 605 617 654; x_wconf 88' lang='lat' dir='ltr'>ac</span> <span class='ocrx_word' id='word_1_8' title='bbox 635 591 782 673; x_wconf 86' lang='lat' dir='ltr'>tenore,</span> <span class='ocrx_word' id='word_1_9' title='bbox 797 579 848 653; x_wconf 83' lang='lat' dir='ltr'>ad</span> <span class='ocrx_word' id='word_1_10' title='bbox 864 575 993 677; x_wconf 86' lang='lat' dir='ltr'>viginti</span> <span class='ocrx_word' id='word_1_11' title='bbox 1016 576 1112 650; x_wconf 89' lang='lat' dir='ltr'>alios</span> <span class='ocrx_word' id='word_1_12' title='bbox 1130 597 1249 648; x_wconf 87' lang='lat' dir='ltr'>annos</span> 
     </span>
     <span class='ocr_line' id='line_1_3' title="bbox 146 695 790 795; baseline -0.005 -24"><span class='ocrx_word' id='word_1_13' title='bbox 146 695 307 795; x_wconf 75' lang='lat' dir='ltr'>benigne</span> <span class='ocrx_word' id='word_1_14' title='bbox 326 720 531 794; x_wconf 86' lang='lat' dir='ltr'>prorogare</span> <span class='ocrx_word' id='word_1_15' title='bbox 550 695 704 794; x_wconf 82' lang='lat' dir='ltr'><strong>dignata</strong></span> <span class='ocrx_word' id='word_1_16' title='bbox 721 704 790 768; x_wconf 89' lang='lat' dir='ltr'>est.</span> 
     </span>
    </p>

    <p class='ocr_par' dir='ltr' id='par_1_3' title="bbox 146 801 1252 1023">
     <span class='ocr_line' id='line_1_4' title="bbox 195 801 1252 904; baseline -0.009 -20"><span class='ocrx_word' id='word_1_17' title='bbox 195 809 340 884; x_wconf 90' lang='lat' dir='ltr'>Datum</span> <span class='ocrx_word' id='word_1_18' title='bbox 363 809 515 904; x_wconf 79' lang='lat' dir='ltr'>Romae,</span> <span class='ocrx_word' id='word_1_19' title='bbox 532 834 579 884; x_wconf 89' lang='lat' dir='ltr'>ex</span> <span class='ocrx_word' id='word_1_20' title='bbox 597 808 760 884; x_wconf 84' lang='lat' dir='ltr'>AEdibus</span> <span class='ocrx_word' id='word_1_21' title='bbox 778 807 891 884; x_wconf 83' lang='lat' dir='ltr'>dictae</span> <span class='ocrx_word' id='word_1_22' title='bbox 915 806 957 881; x_wconf 84' lang='lat' dir='ltr'>S.</span> <span class='ocrx_word' id='word_1_23' title='bbox 977 801 1252 904; x_wconf 80' lang='lat' dir='ltr'>Congregatio</span> 
     </span>
     <span class='ocr_line' id='line_1_5' title="bbox 146 922 761 1023; baseline -0.002 -24"><span class='ocrx_word' id='word_1_24' title='bbox 146 923 218 1021; x_wconf 84' lang='lat' dir='ltr'>nis,</span> <span class='ocrx_word' id='word_1_25' title='bbox 234 922 295 1000; x_wconf 92' lang='lat' dir='ltr'>die</span> <span class='ocrx_word' id='word_1_26' title='bbox 313 935 353 999; x_wconf 85' lang='lat' dir='ltr'>et</span> <span class='ocrx_word' id='word_1_27' title='bbox 369 947 469 998; x_wconf 85' lang='lat' dir='ltr'>anno</span> <span class='ocrx_word' id='word_1_28' title='bbox 487 923 621 1020; x_wconf 92' lang='lat' dir='ltr'>quibus</span> <span class='ocrx_word' id='word_1_29' title='bbox 639 922 761 1023; x_wconf 67' lang='lat' dir='ltr'>supra</span> 
     </span>
    </p>
   </div>
   <div class='ocr_carea' id='block_1_3' title="bbox 693 1077 1200 1157">
    <p class='ocr_par' dir='ltr' id='par_1_4' title="bbox 693 1077 1200 1157">
     <span class='ocr_line' id='line_1_6' title="bbox 693 1077 1200 1157; baseline -0.014 0"><span class='ocrx_word' id='word_1_30' title='bbox 693 1080 725 1156; x_wconf 91' lang='grc' dir='ltr'>Ι.</span> <span class='ocrx_word' id='word_1_31' title='bbox 744 1082 935 1157; x_wconf 79' lang='lat' dir='ltr'>Ancmsn.</span> <span class='ocrx_word' id='word_1_32' title='bbox 954 1077 1200 1153; x_wconf 79' lang='lat' dir='ltr'>Ennssnuus.</span> 
     </span>
    </p>
   </div>
   <div class='ocr_carea' id='block_1_4' title="bbox 476 1379 914 1393">
    <p class='ocr_par' dir='ltr' id='par_1_5' title="bbox 476 1379 914 1393">
     <span class='ocr_line' id='line_1_7' title="bbox 476 1379 914 1393; baseline 0.005 -3"><span class='ocrx_word' id='word_1_33' title='bbox 476 1380 723 1393; x_wconf 57' lang='lat' dir='ltr'>mm·</span> <span class='ocrx_word' id='word_1_34' title='bbox 730 1380 873 1393; x_wconf 56' lang='lat' dir='ltr'>anm-⁶0⁶</span> <span class='ocrx_word' id='word_1_35' title='bbox 877 1380 896 1389; x_wconf 55' lang='grc' dir='ltr'><strong><em>Μ</em></strong></span> <span class='ocrx_word' id='word_1_36' title='bbox 900 1379 914 1390; x_wconf 59' lang='grc' dir='ltr'>λ</span> 
     </span>
    </p>
   </div>
   <div class='ocr_carea' id='block_1_5' title="bbox 145 1613 1249 1782">
    <p class='ocr_par' dir='ltr' id='par_1_6' title="bbox 145 1613 1249 1782">
     <span class='ocr_line' id='line_1_8' title="bbox 145 1613 1249 1673; baseline -0.007 -2"><span class='ocrx_word' id='word_1_37' title='bbox 145 1619 348 1673; x_wconf 75' lang='lat' dir='ltr'>PETUNTUR</span> <span class='ocrx_word' id='word_1_38' title='bbox 369 1617 576 1671; x_wconf 78' lang='lat' dir='ltr'>NONNULLA</span> <span class='ocrx_word' id='word_1_39' title='bbox 594 1617 744 1667; x_wconf 70' lang='lat' dir='ltr'>ossium</span> <span class='ocrx_word' id='word_1_40' title='bbox 766 1616 841 1666; x_wconf 75' lang='lat' dir='ltr'>PER</span> <span class='ocrx_word' id='word_1_41' title='bbox 860 1616 989 1668; x_wconf 81' lang='grc' dir='ltr'>ΤΟΤΛΜ</span> <span class='ocrx_word' id='word_1_42' title='bbox 1011 1613 1249 1667; x_wconf 71' lang='lat' dir='ltr'>PROVINCIAM</span> 
     </span>
     <span class='ocr_line' id='line_1_9' title="bbox 564 1730 825 1782; baseline 0 -1"><span class='ocrx_word' id='word_1_43' title='bbox 564 1730 825 1782; x_wconf 68' lang='lat' dir='ltr'>cananaeum.</span> 
     </span>
    </p>
   </div>
   <div class='ocr_carea' id='block_1_6' title="bbox 145 1908 569 2004">
    <p class='ocr_par' dir='ltr' id='par_1_7' title="bbox 145 1908 569 2004">
     <span class='ocr_line' id='line_1_10' title="bbox 145 1908 569 2004; baseline -0.012 -18"><span class='ocrx_word' id='word_1_44' title='bbox 145 1910 404 1986; x_wconf 77' lang='lat' dir='ltr'>Snncnssms</span> <span class='ocrx_word' id='word_1_45' title='bbox 422 1908 569 2004; x_wconf 72' lang='lat' dir='ltr'>Plana,</span> 
     </span>
    </p>
   </div>
   <div class='ocr_carea' id='block_1_7' title="bbox 140 2067 1249 3197">
    <p class='ocr_par' dir='ltr' id='par_1_8' title="bbox 226 2067 1249 2170">
     <span class='ocr_line' id='line_1_11' title="bbox 226 2067 1249 2170; baseline -0.004 -24"><span class='ocrx_word' id='word_1_46' title='bbox 226 2070 264 2146; x_wconf 88' lang='lat' dir='ltr'>T</span> <span class='ocrx_word' id='word_1_47' title='bbox 281 2095 357 2146; x_wconf 93' lang='lat' dir='ltr'>uno</span> <span class='ocrx_word' id='word_1_48' title='bbox 371 2095 438 2145; x_wconf 83' lang='lat' dir='ltr'>ore</span> <span class='ocrx_word' id='word_1_49' title='bbox 457 2070 685 2170; x_wconf 82' lang='lat' dir='ltr'>glorificetur</span> <span class='ocrx_word' id='word_1_50' title='bbox 702 2068 812 2144; x_wconf 86' lang='lat' dir='ltr'>Deus</span> <span class='ocrx_word' id='word_1_51' title='bbox 826 2068 963 2168; x_wconf 89' lang='lat' dir='ltr'>ubique</span> <span class='ocrx_word' id='word_1_52' title='bbox 981 2093 1050 2168; x_wconf 89' lang='lat' dir='ltr'>per</span> <span class='ocrx_word' id='word_1_53' title='bbox 1066 2067 1249 2144; x_wconf 72' lang='lat' dir='ltr'>Foedera·</span> 
     </span>
    </p>

    <p class='ocr_par' dir='ltr' id='par_1_9' title="bbox 140 2182 1249 3197">
     <span class='ocr_line' id='line_1_12' title="bbox 241 2182 1248 2282; baseline -0.003 -23"><span class='ocrx_word' id='word_1_54' title='bbox 241 2198 301 2259; x_wconf 87' lang='lat' dir='ltr'>tas</span> <span class='ocrx_word' id='word_1_55' title='bbox 319 2185 390 2260; x_wconf 85' lang='lat' dir='ltr'>has</span> <span class='ocrx_word' id='word_1_56' title='bbox 407 2184 643 2280; x_wconf 84' lang='lat' dir='ltr'>Provincias,</span> <span class='ocrx_word' id='word_1_57' title='bbox 655 2182 979 2282; x_wconf 86' lang='lat' dir='ltr'>Archiepiscopus</span> <span class='ocrx_word' id='word_1_58' title='bbox 996 2183 1248 2259; x_wconf 83' lang='lat' dir='ltr'>Baltimoren-</span> 
     </span>
     <span class='ocr_line' id='line_1_13' title="bbox 142 2295 1249 2399; baseline 0.001 -29"><span class='ocrx_word' id='word_1_59' title='bbox 142 2295 195 2371; x_wconf 89' lang='lat' dir='ltr'>sis</span> <span class='ocrx_word' id='word_1_60' title='bbox 213 2309 253 2373; x_wconf 87' lang='lat' dir='ltr'>et</span> <span class='ocrx_word' id='word_1_61' title='bbox 272 2298 458 2399; x_wconf 81' lang='lat' dir='ltr'>Episcopi</span> <span class='ocrx_word' id='word_1_62' title='bbox 479 2300 686 2375; x_wconf 85' lang='lat' dir='ltr'>dioecosum</span> <span class='ocrx_word' id='word_1_63' title='bbox 704 2298 872 2373; x_wconf 90' lang='lat' dir='ltr'>omnium</span> <span class='ocrx_word' id='word_1_64' title='bbox 897 2297 1116 2373; x_wconf 77' lang='lat' dir='ltr'>Foederatae</span> <span class='ocrx_word' id='word_1_65' title='bbox 1132 2298 1249 2371; x_wconf 85' lang='lat' dir='ltr'>Amo-</span> 
     </span>
     <span class='ocr_line' id='line_1_14' title="bbox 142 2409 1246 2511; baseline 0.001 -26"><span class='ocrx_word' id='word_1_66' title='bbox 142 2409 232 2487; x_wconf 85' lang='lat' dir='ltr'>ricae</span> <span class='ocrx_word' id='word_1_67' title='bbox 259 2411 298 2486; x_wconf 94' lang='lat' dir='ltr'>in</span> <span class='ocrx_word' id='word_1_68' title='bbox 324 2413 498 2488; x_wconf 84' lang='lat' dir='ltr'>Concilio</span> <span class='ocrx_word' id='word_1_69' title='bbox 528 2411 756 2487; x_wconf 86' lang='lat' dir='ltr'>Provinciali</span> <span class='ocrx_word' id='word_1_70' title='bbox 785 2411 1007 2511; x_wconf 84' lang='lat' dir='ltr'>congregati</span> <span class='ocrx_word' id='word_1_71' title='bbox 1032 2411 1246 2511; x_wconf 81' lang='lat' dir='ltr'>supplicant</span> 
     </span>
     <span class='ocr_line' id='line_1_15' title="bbox 143 2524 1248 2626; baseline 0.002 -28"><span class='ocrx_word' id='word_1_72' title='bbox 143 2524 348 2601; x_wconf 83' lang='lat' dir='ltr'>Sanctitati</span> <span class='ocrx_word' id='word_1_73' title='bbox 373 2526 535 2621; x_wconf 67' lang='lat' dir='ltr'>Vestrae,</span> <span class='ocrx_word' id='word_1_74' title='bbox 556 2538 600 2601; x_wconf 91' lang='lat' dir='ltr'>ut</span> <span class='ocrx_word' id='word_1_75' title='bbox 625 2526 798 2626; x_wconf 80' lang='lat' dir='ltr'>dignetur</span> <span class='ocrx_word' id='word_1_76' title='bbox 823 2527 1031 2625; x_wconf 81' lang='lat' dir='ltr'>indulgere,</span> <span class='ocrx_word' id='word_1_77' title='bbox 1053 2538 1096 2601; x_wconf 92' lang='lat' dir='ltr'>ut</span> <span class='ocrx_word' id='word_1_78' title='bbox 1122 2525 1248 2601; x_wconf 86' lang='lat' dir='ltr'>officia</span> 
     </span>
     <span class='ocr_line' id='line_1_16' title="bbox 142 2639 1247 2740; baseline 0.001 -26"><span class='ocrx_word' id='word_1_79' title='bbox 142 2641 315 2738; x_wconf 82' lang='lat' dir='ltr'>quoedam</span> <span class='ocrx_word' id='word_1_80' title='bbox 339 2639 522 2737; x_wconf 85' lang='lat' dir='ltr'>aliquibus</span> <span class='ocrx_word' id='word_1_81' title='bbox 541 2640 768 2715; x_wconf 72' lang='lat' dir='ltr'>dioecesibus</span> <span class='ocrx_word' id='word_1_82' title='bbox 787 2641 870 2740; x_wconf 87' lang='lat' dir='ltr'>jam</span> <span class='ocrx_word' id='word_1_83' title='bbox 891 2664 1093 2735; x_wconf 80' lang='lat' dir='ltr'>concessa,</span> <span class='ocrx_word' id='word_1_84' title='bbox 1110 2652 1150 2715; x_wconf 88' lang='lat' dir='ltr'>et</span> <span class='ocrx_word' id='word_1_85' title='bbox 1173 2642 1247 2715; x_wconf 87' lang='lat' dir='ltr'>alia</span> 
     </span>
     <span class='ocr_line' id='line_1_17' title="bbox 141 2756 1247 2855; baseline 0.002 -26"><span class='ocrx_word' id='word_1_86' title='bbox 141 2756 329 2830; x_wconf 87' lang='lat' dir='ltr'>nonnullis</span> <span class='ocrx_word' id='word_1_87' title='bbox 355 2757 437 2830; x_wconf 91' lang='lat' dir='ltr'>aliis</span> <span class='ocrx_word' id='word_1_88' title='bbox 468 2756 563 2831; x_wconf 89' lang='lat' dir='ltr'>locis</span> <span class='ocrx_word' id='word_1_89' title='bbox 589 2757 816 2851; x_wconf 78' lang='lat' dir='ltr'>communia,</span> <span class='ocrx_word' id='word_1_90' title='bbox 841 2781 1001 2853; x_wconf 87' lang='lat' dir='ltr'>quorum</span> <span class='ocrx_word' id='word_1_91' title='bbox 1026 2758 1247 2855; x_wconf 84' lang='lat' dir='ltr'>catalogum</span> 
     </span>
     <span class='ocr_line' id='line_1_18' title="bbox 141 2871 1248 2971; baseline 0.002 -27"><span class='ocrx_word' id='word_1_92' title='bbox 141 2871 393 2965; x_wconf 81' lang='lat' dir='ltr'>adnectimus,</span> <span class='ocrx_word' id='word_1_93' title='bbox 409 2871 557 2971; x_wconf 88' lang='lat' dir='ltr'>possint</span> <span class='ocrx_word' id='word_1_94' title='bbox 578 2871 717 2967; x_wconf 90' lang='lat' dir='ltr'>ubique</span> <span class='ocrx_word' id='word_1_95' title='bbox 743 2896 811 2968; x_wconf 86' lang='lat' dir='ltr'>per</span> <span class='ocrx_word' id='word_1_96' title='bbox 835 2871 1081 2946; x_wconf 85' lang='lat' dir='ltr'>Foederatam</span> <span class='ocrx_word' id='word_1_97' title='bbox 1100 2872 1248 2946; x_wconf 87' lang='lat' dir='ltr'>Ameri-</span> 
     </span>
     <span class='ocr_line' id='line_1_19' title="bbox 140 2984 1247 3084; baseline 0.002 -24"><span class='ocrx_word' id='word_1_98' title='bbox 140 3009 227 3060; x_wconf 86' lang='lat' dir='ltr'>cam</span> <span class='ocrx_word' id='word_1_99' title='bbox 244 2985 405 3060; x_wconf 85' lang='lat' dir='ltr'>recitari.</span> <span class='ocrx_word' id='word_1_100' title='bbox 459 2984 578 3067; x_wconf 79' lang='lat' dir='ltr'>Quod</span> <span class='ocrx_word' id='word_1_101' title='bbox 597 2986 645 3060; x_wconf 89' lang='lat' dir='ltr'>de</span> <span class='ocrx_word' id='word_1_102' title='bbox 662 2985 891 3084; x_wconf 64' lang='lat' dir='ltr'>indulgenti&amp;</span> <span class='ocrx_word' id='word_1_103' title='bbox 909 2986 1133 3061; x_wconf 85' lang='lat' dir='ltr'>Sanctitatis</span> <span class='ocrx_word' id='word_1_104' title='bbox 1153 2987 1247 3062; x_wconf 89' lang='lat' dir='ltr'>Ves-</span> 
     </span>
     <span class='ocr_line' id='line_1_20' title="bbox 140 3110 433 3197; baseline -0.003 -22"><span class='ocrx_word' id='word_1_105' title='bbox 140 3110 209 3175; x_wconf 86' lang='lat' dir='ltr'>trae</span> <span class='ocrx_word' id='word_1_106' title='bbox 226 3124 433 3197; x_wconf 87' lang='lat' dir='ltr'>speramus.</span> 
     </span>
    </p>
   </div>
   <div class='ocr_carea' id='block_1_8' title="bbox 191 3277 923 3377">
    <p class='ocr_par' dir='ltr' id='par_1_10' title="bbox 191 3277 923 3377">
     <span class='ocr_line' id='line_1_21' title="bbox 191 3277 923 3377; baseline 0.001 -25"><span class='ocrx_word' id='word_1_107' title='bbox 191 3278 331 3355; x_wconf 88' lang='lat' dir='ltr'>Officia</span> <span class='ocrx_word' id='word_1_108' title='bbox 348 3281 395 3355; x_wconf 91' lang='lat' dir='ltr'>de</span> <span class='ocrx_word' id='word_1_109' title='bbox 414 3278 548 3377; x_wconf 92' lang='lat' dir='ltr'>quibus</span> <span class='ocrx_word' id='word_1_110' title='bbox 567 3277 702 3377; x_wconf 80' lang='lat' dir='ltr'>agitur,</span> <span class='ocrx_word' id='word_1_111' title='bbox 719 3279 801 3353; x_wconf 81' lang='lat' dir='ltr'>haec</span> <span class='ocrx_word' id='word_1_112' title='bbox 819 3292 923 3355; x_wconf 87' lang='lat' dir='ltr'>sunt:</span> 
     </span>
    </p>
   </div>
   <div class='ocr_carea' id='block_1_9' title="bbox 139 3442 1245 3889">
    <p class='ocr_par' dir='ltr' id='par_1_11' title="bbox 139 3442 1245 3751">
     <span class='ocr_line' id='line_1_22' title="bbox 139 3442 1243 3546; baseline 0.004 -29"><span class='ocrx_word' id='word_1_113' title='bbox 139 3446 190 3517; x_wconf 86' lang='grc'>23</span> <span class='ocrx_word' id='word_1_114' title='bbox 213 3443 395 3519; x_wconf 70' lang='lat' dir='ltr'>Ianuarii.</span> <span class='ocrx_word' id='word_1_115' title='bbox 484 3442 744 3540; x_wconf 88' lang='lat' dir='ltr'>Desponsatio</span> <span class='ocrx_word' id='word_1_116' title='bbox 775 3443 820 3517; x_wconf 92' lang='grc' dir='ltr'>Β.</span> <span class='ocrx_word' id='word_1_117' title='bbox 849 3443 983 3518; x_wconf 82' lang='lat' dir='ltr'>Mariae</span> <span class='ocrx_word' id='word_1_118' title='bbox 1008 3443 1112 3544; x_wconf 89' lang='lat' dir='ltr'>Virg.</span> <span class='ocrx_word' id='word_1_119' title='bbox 1139 3447 1243 3546; x_wconf 80' lang='lat' dir='ltr'>dupl.</span> 
     </span>
     <span class='ocr_line' id='line_1_23' title="bbox 535 3557 1245 3657; baseline 0.008 -27"><span class='ocrx_word' id='word_1_120' title='bbox 535 3561 625 3657; x_wconf 84' lang='lat' dir='ltr'>maj.</span> <span class='ocrx_word' id='word_1_121' title='bbox 644 3557 744 3631; x_wconf 86' lang='lat' dir='ltr'>sesto</span> <span class='ocrx_word' id='word_1_122' title='bbox 771 3558 813 3631; x_wconf 82' lang='lat' dir='ltr'>S.</span> <span class='ocrx_word' id='word_1_123' title='bbox 832 3558 1053 3657; x_wconf 87' lang='lat' dir='ltr'>Raymundi</span> <span class='ocrx_word' id='word_1_124' title='bbox 1071 3561 1119 3635; x_wconf 92' lang='lat' dir='ltr'>de</span> <span class='ocrx_word' id='word_1_125' title='bbox 1146 3561 1245 3635; x_wconf 92' lang='lat' dir='ltr'>Pen-</span> 
     </span>
     <span class='ocr_line' id='line_1_24' title="bbox 535 3673 1243 3751; baseline 0.006 -4"><span class='ocrx_word' id='word_1_126' title='bbox 535 3673 609 3747; x_wconf 86' lang='lat' dir='ltr'>nas.</span> <span class='ocrx_word' id='word_1_127' title='bbox 625 3674 807 3747; x_wconf 86' lang='lat' dir='ltr'>translato</span> <span class='ocrx_word' id='word_1_128' title='bbox 821 3674 871 3749; x_wconf 90' lang='lat' dir='ltr'>ad</span> <span class='ocrx_word' id='word_1_129' title='bbox 886 3674 984 3749; x_wconf 89' lang='lat' dir='ltr'>diem</span> <span class='ocrx_word' id='word_1_130' title='bbox 997 3680 1047 3749; x_wconf 87' lang='grc'>28</span> <span class='ocrx_word' id='word_1_131' title='bbox 1059 3675 1243 3751; x_wconf 77' lang='lat' dir='ltr'>lanuarii.</span> 
     </span>
    </p>

    <p class='ocr_par' dir='ltr' id='par_1_12' title="bbox 143 3786 1107 3889">
     <span class='ocr_line' id='line_1_25' title="bbox 143 3786 1107 3889; baseline 0.004 -29"><span class='ocrx_word' id='word_1_132' title='bbox 143 3791 189 3863; x_wconf 85' lang='lat'>17</span> <span class='ocrx_word' id='word_1_133' title='bbox 214 3786 354 3861; x_wconf 85' lang='lat' dir='ltr'>Martii.</span> <span class='ocrx_word' id='word_1_134' title='bbox 487 3787 528 3862; x_wconf 79' lang='lat' dir='ltr'>S.</span> <span class='ocrx_word' id='word_1_135' title='bbox 548 3786 708 3881; x_wconf 88' lang='lat' dir='ltr'>Patritii‚</span> <span class='ocrx_word' id='word_1_136' title='bbox 725 3787 797 3885; x_wconf 87' lang='lat' dir='ltr'>Ep.</span> <span class='ocrx_word' id='word_1_137' title='bbox 817 3802 856 3862; x_wconf 89' lang='lat' dir='ltr'>et</span> <span class='ocrx_word' id='word_1_138' title='bbox 874 3789 985 3863; x_wconf 86' lang='lat' dir='ltr'>Conf.</span> <span class='ocrx_word' id='word_1_139' title='bbox 1004 3791 1107 3889; x_wconf 79' lang='lat' dir='ltr'>dupl.</span> 
     </span>
    </p>
   </div>
   <div class='ocr_carea' id='block_1_10' title="bbox 21 3901 1242 4006">
    <p class='ocr_par' dir='ltr' id='par_1_13' title="bbox 21 3901 1242 4006">
     <span class='ocr_line' id='line_1_26' title="bbox 21 3901 1242 4006; baseline 0.003 -33"><span class='ocrx_word' id='word_1_140' title='bbox 21 3964 38 3999; x_wconf 56' lang='lat'>0</span> <span class='ocrx_word' id='word_1_141' title='bbox 142 3904 188 3974; x_wconf 90' lang='lat'>18</span> <span class='ocrx_word' id='word_1_142' title='bbox 486 3901 528 3975; x_wconf 82' lang='lat' dir='ltr'>S.</span> <span class='ocrx_word' id='word_1_143' title='bbox 548 3901 747 3996; x_wconf 81' lang='lat' dir='ltr'>Gabriclis,</span> <span class='ocrx_word' id='word_1_144' title='bbox 763 3901 1009 4003; x_wconf 82' lang='lat' dir='ltr'>Archangeli,</span> <span class='ocrx_word' id='word_1_145' title='bbox 1030 3906 1132 4005; x_wconf 81' lang='lat' dir='ltr'>dupl.</span> <span class='ocrx_word' id='word_1_146' title='bbox 1151 3910 1242 4006; x_wconf 74' lang='lat' dir='ltr'>naaj.</span> 
     </span>
    </p>
   </div>
   <div class='ocr_carea' id='block_1_11' title="bbox 138 4012 1244 4118">
    <p class='ocr_par' dir='ltr' id='par_1_14' title="bbox 138 4012 1244 4118">
     <span class='ocr_line' id='line_1_27' title="bbox 138 4012 1244 4118; baseline 0.005 -30"><span class='ocrx_word' id='word_1_147' title='bbox 138 4018 190 4088; x_wconf 93' lang='grc'>22</span> <span class='ocrx_word' id='word_1_148' title='bbox 212 4012 317 4088; x_wconf 85' lang='lat' dir='ltr'>Maii.</span> <span class='ocrx_word' id='word_1_149' title='bbox 486 4016 527 4090; x_wconf 89' lang='lat' dir='ltr'>S.</span> <span class='ocrx_word' id='word_1_150' title='bbox 554 4015 715 4089; x_wconf 88' lang='lat' dir='ltr'>Joannis</span> <span class='ocrx_word' id='word_1_151' title='bbox 746 4013 1024 4114; x_wconf 89' lang='lat' dir='ltr'>Nepomuoeni‚</span> <span class='ocrx_word' id='word_1_152' title='bbox 1049 4019 1244 4118; x_wconf 85' lang='lat' dir='ltr'>Martyris,</span> 
     </span>
    </p>
   </div>
   <div class='ocr_carea' id='block_1_12' title="bbox 137 4132 1243 4312">
    <p class='ocr_par' dir='ltr' id='par_1_15' title="bbox 137 4132 1243 4312">
     <span class='ocr_line' id='line_1_28' title="bbox 137 4132 1243 4312; baseline 0.008 -9"><span class='ocrx_word' id='word_1_153' title='bbox 137 4232 188 4303; x_wconf 86' lang='grc'>24</span> <span class='ocrx_word' id='word_1_154' title='bbox 484 4132 684 4305; x_wconf 65' lang='lat' dir='ltr'>Eduaiiae</span> <span class='ocrx_word' id='word_1_155' title='bbox 705 4229 879 4306; x_wconf 89' lang='lat' dir='ltr'>V.-titulo</span> <span class='ocrx_word' id='word_1_156' title='bbox 900 4232 1093 4309; x_wconf 89' lang='lat' dir='ltr'>Auxilium</span> <span class='ocrx_word' id='word_1_157' title='bbox 1117 4235 1243 4312; x_wconf 87' lang='lat' dir='ltr'>Chris·</span> 
     </span>
    </p>
   </div>
   <div class='ocr_carea' id='block_1_13' title="bbox 533 4345 963 4449">
    <p class='ocr_par' dir='ltr' id='par_1_16' title="bbox 533 4345 963 4449">
     <span class='ocr_line' id='line_1_29' title="bbox 533 4345 963 4449; baseline 0.012 -30"><span class='ocrx_word' id='word_1_158' title='bbox 533 4345 735 4441; x_wconf 84' lang='lat' dir='ltr'>tianorum,</span> <span class='ocrx_word' id='word_1_159' title='bbox 751 4349 855 4449; x_wconf 79' lang='lat' dir='ltr'>dupl.</span> <span class='ocrx_word' id='word_1_160' title='bbox 873 4355 963 4449; x_wconf 73' lang='lat' dir='ltr'>nsoj.</span> 
     </span>
    </p>
   </div>
   <div class='ocr_carea' id='block_1_14' title="bbox 0 0 1414 5010">
    <p class='ocr_par' dir='ltr' id='par_1_17' title="bbox 0 0 1414 5010">
     <span class='ocr_line' id='line_1_30' title="bbox 0 0 1414 5010; baseline 0 3"><span class='ocrx_word' id='word_1_161' title='bbox 0 0 1414 5010; x_wconf 95' lang='lat' dir='ltr'> </span> 
     </span>
    </p>
   </div>
  </div>
 </body>
</html>
