2820 5010
155 379 231 450 252
440 398 650 448 coucrmou
676 396 963 449 ennrruoaexsn

155 597 306 649 sensam
323 597 422 667 esse,
435 586 474 649 et
491 574 625 673 dignos
644 572 880 673 Episcopatu
892 598 961 647 eos
973 584 1175 672 reputasse
1186 573 1245 671 qni

155 689 177 763 a
192 687 297 763 vobis
314 689 569 763 commendati
584 690 703 778 sunt†

206 802 247 876 S.
267 803 523 902 Congregatio
541 814 674 877 censet
691 801 886 901 plurimirm
912 801 1172 877 commendari
1188 800 1248 875 de

155 918 348 992 beroeam
373 917 662 991 sollicitudinem
679 941 792 1015 quam
808 915 994 1015 Episcopi
1011 915 1175 991 concilii
1192 940 1248 989 oe

154 1030 356 1106 tenderunt
381 1032 429 1105 de
446 1031 685 1129 qualitatibus
710 1043 817 1105 tanto
835 1032 955 1129 gradu
979 1030 1103 1129 dignis
1120 1029 1159 1104 in
1179 1029 1248 1102 illis

153 1145 399 1243 requirendis,
414 1146 477 1243 qui
503 1146 686 1244 Episcopi
702 1147 864 1221 faciendi
888 1158 989 1236 sunt,
1004 1145 1093 1220 crim
1108 1143 1247 1219 nemini

155 1259 309 1334 dubium
334 1284 421 1334 esse
445 1260 566 1357 possit
590 1260 679 1358 quin
699 1259 853 1334 Fideles
870 1261 920 1335 ad
945 1260 1127 1357 pietatem
1143 1257 1246 1332 etad
1292 1330 1295 1337 .

154 1371 229 1446 alia
252 1373 440 1471 religionis
465 1372 591 1447 officia
614 1372 834 1467 alliciantur,
860 1373 893 1448 si
917 1398 1048 1447 eorum
1073 1387 1246 1470 pastores

153 1487 378 1562 necessariis
396 1487 626 1561 ornamentis
644 1487 820 1586 praeditos
836 1512 924 1562 esse
940 1498 1102 1563 constet
1144 1485 1246 1561 Inter

154 1600 352 1699 qualitates
366 1601 452 1675 vero
469 1601 507 1674 in
521 1600 724 1700 Episcopis
734 1601 991 1700 requirendas,
1004 1601 1133 1676 locum
1145 1599 1243 1677 certe

152 1726 258 1789 tenet
286 1715 446 1791 scientia
475 1715 621 1814 linguae,
648 1719 720 1814 qud
748 1727 902 1791 utuntur
929 1715 1084 1791 Fideles
1114 1715 1243 1812 quibus

153 1827 267 1904 iidem
283 1830 609 1928 praeessedebent.
659 1829 903 1926 Itaque,cirm
915 1829 1048 1929 ingens
1061 1828 1112 1904 sit
1122 1852 1244 1904 nume·

153 1965 217 2017 rus
234 1967 366 2017 eorum
383 1943 446 2038 qui
471 1967 519 2017 ex
536 1943 738 2018 Germanii
753 1942 953 2041 quotannis
975 1944 1138 2043 migrant
1152 1942 1242 2018 utin

154 2056 367 2132 Frederatis
384 2055 593 2133 Provinciis
609 2059 741 2133 sedem
758 2058 828 2133 sibi
845 2057 1150 2155 domiciliumque
1161 2080 1246 2133 con-

153 2169 321 2263 stituant,
334 2171 468 2246 dabitis
482 2196 637 2271 operam
653 2173 691 2248 in
707 2185 901 2272 posterum
914 2184 956 2247 ut
973 2172 1015 2247 S.
1031 2172 1243 2271 Congrege-

152 2283 245 2360 tioui
271 2282 520 2383 Presbyteros
548 2311 644 2383 quos
671 2285 825 2385 reperiri
850 2285 977 2361 licebit
1002 2284 1141 2385 lingere
1155 2285 1242 2361 Ger·

152 2397 311 2474 muniere
322 2398 452 2498 peritis
468 2400 658 2498 praeditos,
670 2424 738 2499 pro
751 2400 797 2475 iis
810 2398 1036 2476 dioecesibus
1051 2400 1241 2500 eligendos

153 2514 306 2608 curetis,
318 2514 355 2588 in
372 2514 506 2613 quibus
524 2517 685 2613 populus
703 2540 749 2590 ex
763 2515 964 2589 Germanii
980 2514 1175 2612 profectus
1191 2539 1241 2590 re

152 2629 325 2726 periatur.
364 2629 462 2704 Illud
479 2630 593 2704 etiam
610 2631 880 2727 providendum
894 2641 953 2703 est
968 2641 1011 2703 ut
1026 2629 1242 2728 Presbyteri

152 2742 189 2815 in
214 2741 259 2816 iis
286 2742 512 2818 dioecesibus
539 2769 615 2818 non
641 2744 776 2837 desint,
801 2744 864 2841 qui
889 2744 1157 2818 Germanicam
1182 2745 1241 2818 lin·

151 2881 264 2956 gnam
289 2857 463 2951 calleant,
488 2857 560 2953 qud
586 2858 731 2956 possint
755 2858 945 2932 fructuose
972 2858 1191 2956 praedicare,
1206 2871 1242 2932 et

153 2983 432 3045 sacramentum
463 2971 689 3068 poenitentiae
715 2972 913 3046 Germanis
939 2972 1005 3046 rite
1031 2972 1241 3069 utiliterque

152 3086 371 3160 ministrare.

200 3200 305 3275 Inter
329 3201 499 3275 Decreta
525 3199 698 3294 Consilii,
718 3224 833 3274 unum
858 3200 1041 3274 invenitur
1066 3202 1170 3296 quod
1195 3202 1241 3276 ad

150 3316 466 3413 proclamationes
480 3315 717 3388 matrimonio
735 3314 1012 3412 proemittendas
1027 3328 1191 3414 spectat,
1206 3329 1242 3390 et

150 3430 252 3505 recte
284 3455 330 3503 ac
359 3429 590 3503 laudabiliter
621 3430 756 3503 Patres
785 3441 995 3504 statuerunt
1021 3431 1113 3528 logis
1138 3431 1241 3505 istius

152 3544 427 3621 observantiam
457 3568 542 3617 esse
572 3545 899 3641 praescribendam,
924 3569 1035 3642 quam
1067 3544 1243 3620 Ecclesia

151 3683 410 3757 saepenumero
434 3658 723 3752 commendavit,
739 3671 778 3732 et
795 3658 1073 3757 Episcoporum
1091 3661 1242 3734 assidua

150 3773 337 3872 vigilantia
353 3774 559 3870 urgendum
573 3773 733 3865 curavit,
757 3772 940 3870 siquidem
952 3773 1025 3847 hoc
1037 3775 1242 3848 remedium

152 3888 452 3963 efficacissimum
478 3901 548 3983 est,
565 3900 606 3963 ut
623 3888 730 3961 malis
748 3914 832 3985 quse
857 3888 1040 3963 orirentur
1058 3913 1105 3962 ex
1123 3890 1242 3963 matri·

151 4002 284 4076 moniis
310 4002 418 4075 nimis
446 4003 720 4101 praecipitanter
737 4003 795 4077 vel
812 4028 900 4077 cum
921 4003 1117 4078 existentiis
1134 4004 1243 4079 alicu·

185 4194 294 4262 †Sedea
315 4194 487 4266 Episcopalis
507 4197 611 4268 Albmy
624 4197 731 4252 Rermo
755 4197 792 4252 D.
812 4196 918 4253 Juaruu
936 4196 1142 4265 Mchosm3
1160 4197 1245 4252 Sedes

152 4278 257 4353 Buffulo
269 4280 339 4334 Rev.
353 4280 388 4334 D.
400 4279 506 4336 Joaruu
518 4281 629 4347 Traron,
641 4280 675 4337 C.
688 4281 739 4351 M,
758 4281 843 4338 Sedes
859 4293 952 4338 autem
969 4282 1107 4338 Cleosloerd
1124 4282 1196 4339 Rev.
1209 4283 1245 4338 D.

150 4367 278 4422 Aurora
292 4364 392 4421 Ram
406 4365 505 4422 collata
516 4377 566 4421 est
