2820 5010
159 376 233 448 172
399 445 401 448 ,
440 395 654 447 concmmn
680 393 971 448 aanrrnonnrvsa

158 574 215 648 las
239 572 320 647 libn'
337 571 395 646 vel
419 571 599 649 exercitia
621 570 837 669 hujusmodi
856 570 1281 664 introducanturpcum·

157 687 246 765 fidei
276 686 501 785 pietatisque
529 686 754 761 discrimine.
807 686 1041 761 Constanter
1064 698 1199 761 autem
1224 697 1263 760 et

158 801 352 878 moderate
376 801 482 876 bisce
500 813 693 876 sectarum
709 801 909 876 conatibus
927 800 1066 900 ubique
1087 800 1262 877 resisten-

157 918 249 994 dum
273 929 345 1012 est,
364 942 496 992 eorum
520 917 585 1014 qui
608 917 835 992 auctoritate
859 917 985 992 valent
1006 928 1262 1017 opportunum

157 1033 337 1111 adhibere
354 1033 563 1108 remedium
579 1032 779 1130 implorato
796 1033 945 1108 auxilio.

207 1146 296 1222 VII.
322 1146 487 1247 Propter
509 1146 750 1246 gravissimas
770 1147 936 1221 rationes
958 1156 1162 1222 vetuerunt
1184 1144 1260 1220 SS.

157 1259 367 1337 Pontifices
384 1285 433 1336 ne
450 1260 605 1335 Fideles
623 1272 793 1336 secretas
812 1260 1031 1336 Societates
1044 1258 1181 1357 quovis
1197 1284 1261 1334 no

157 1375 258 1450 mino
286 1386 524 1474 nuncupatas
553 1374 695 1468 ineant,
712 1375 960 1474 jmejurando
987 1399 1075 1450 sese
1102 1373 1262 1450 adstrin-

158 1501 292 1589 gentes
305 1489 355 1565 ad
372 1513 515 1566 arcana
526 1491 723 1567 servanda
767 1489 1260 1590 Namfoederabujusmodi

156 1603 369 1681 clanculum
392 1605 496 1698 inita,
511 1604 599 1680 mali
622 1603 877 1703 suspicionem
893 1615 934 1679 et
957 1604 1168 1702 paricidam
1183 1628 1261 1704 prm

157 1744 201 1794 so
213 1719 351 1814 fenmt,
362 1732 402 1794 et
412 1719 678 1818 jusjurandum
695 1718 835 1795 temere
849 1719 1058 1796 adhibetur.
1109 1717 1260 1796 Idcirco

157 1859 355 1911 monemus
382 1835 616 1911 Sacerdotes
640 1860 773 1910 omnes
796 1834 986 1909 neminem
1011 1858 1128 1934 posse
1152 1836 1259 1909 abso

156 1948 299 2025 lotione
321 1949 587 2025 sacramentali
610 1948 756 2043 donari,
777 1949 849 2025 nisi
871 1951 920 2025 ab
945 1947 1166 2048 hujusmodi
1180 1947 1259 2023 So

157 2063 357 2140 cietatibus
378 2063 531 2162 prorsirs
554 2064 721 2140 recedat.
773 2063 985 2140 Hortamur
1000 2074 1144 2157 autern,
1161 2061 1258 2139 etin

156 2175 325 2253 Domino
348 2179 595 2254 obsecramus
621 2177 776 2252 Fideles
800 2201 933 2252 omnes
954 2188 997 2252 ut
1019 2177 1178 2253 occulta
1198 2175 1259 2251 illa

156 2291 301 2369 foedera
313 2291 464 2369 omnino
474 2291 677 2386 declinent,
686 2303 813 2367 mente
826 2292 1063 2367 revolventes
1076 2315 1121 2366 se
1132 2290 1258 2368 Chris

156 2405 185 2481 ti
206 2408 377 2483 membra
398 2431 499 2501 esse,
519 2417 558 2481 et
580 2406 770 2482 Ecclesia
792 2418 1021 2504 quaemater
1044 2417 1178 2480 nostra
1200 2416 1258 2480 est

156 2522 343 2596 mandatis
366 2521 500 2614 teneri,
515 2545 658 2618 eosque
676 2532 718 2594 ut
738 2520 835 2595 filios
859 2519 955 2596 lucis
973 2521 1114 2594 debere
1132 2520 1258 2594 ambu-

155 2636 247 2731 lare,
257 2637 367 2735 juxta
384 2635 623 2710 sanctissima
640 2647 679 2710 et
700 2635 824 2709 divina
844 2634 908 2710 illa
924 2634 1158 2711 documenta
1175 2657 1257 2732 qum

156 2751 331 2827 Christus
349 2750 537 2826 Dominus
554 2749 716 2825 tradidit

206 2866 314 2941 VIII.
341 2866 531 2941 Praesules
549 2891 682 2939 omnes
699 2890 898 2940 monemus
915 2878 958 2939 ut
978 2864 1171 2941 securitau'
1194 2865 1257 2940 bo

156 3005 289 3056 norum
303 2981 649 3057 ecclesiasticorum
668 2979 799 3055 seduld
816 2979 1049 3078 prospiciant
1065 2979 1168 3054 omni
1187 2981 1257 3079 qud

155 3099 281 3171 valent
297 3098 456 3193 ratione,
471 3097 633 3193 ideoque
655 3098 781 3194 legum
800 3121 869 3170 seu
887 3095 1122 3171 auctoritatis
1139 3095 1256 3170 civilis

156 3211 368 3310 praesidium
392 3223 573 3310 quaerant,
590 3210 818 3307 ubicumque
844 3211 974 3285 haberi
999 3209 1134 3307 possit,
1151 3210 1255 3284 salvo

155 3341 283 3401 tamen
300 3326 417 3401 libero
435 3325 716 3424 Episcoporum
732 3325 828 3423 jure.
883 3323 998 3406 Quod
1016 3324 1048 3398 si
1065 3337 1256 3421 nequeant

154 3441 243 3515 illud
261 3441 444 3533 obtinere,
460 3441 595 3514 saltem
614 3450 843 3513 testamento
861 3439 974 3537 juxta
988 3436 1082 3536 legis
1100 3436 1256 3534 disposi-

154 3556 276 3631 tiones
291 3554 384 3631 scite
402 3555 518 3650 sacto,
531 3556 639 3653 cujus
654 3554 887 3651 duplicatum
905 3553 1082 3647 habeant,
1094 3564 1256 3628 caveant

154 3696 203 3745 ne
226 3673 327 3745 bona
347 3667 416 3743 sibi
440 3668 477 3742 in
500 3695 592 3743 usus
616 3668 900 3744 ecclesiasticos
918 3666 1124 3743 commissa
1140 3666 1162 3740 a
1179 3666 1255 3742 suis

154 3785 289 3860 finibus
312 3792 537 3857 avertantur.
591 3783 773 3857 Habeant
793 3783 907 3857 etiam
930 3784 1116 3857 bonorum
1134 3783 1256 3859 eccle

153 3898 390 3974 siasticomm
420 3896 680 3990 inventarium,
710 3909 749 3971 et
781 3897 1031 3974 instrumenta
1059 3896 1190 3971 omnia
1218 3908 1256 3970 et

153 4014 281 4090 titulos
299 4011 365 4087 rite
380 4011 572 4110 disposita.
625 4013 679 4086 Et
696 4012 728 4086 si
746 4012 947 4112 contigerit
964 4037 1032 4086 eos
1046 4023 1155 4086 extra
1168 4011 1255 4087 dice·

152 4128 271 4206 cesim
295 4126 447 4220 versari,
463 4127 606 4201 litteras
632 4127 907 4225 procurationis
925 4128 1026 4225 apud
1051 4128 1254 4223 quemdam

151 4245 269 4320 virum
283 4242 482 4340 probatum
496 4241 720 4340 relinquant,
733 4243 796 4340 qui
810 4267 857 4317 ea
873 4244 975 4317 bona
987 4241 1111 4317 valcat
1124 4242 1254 4319 usibus

152 4356 421 4436 ecclesiasticis
436 4381 597 4431 servare.
650 4356 855 4435 Monemus
868 4355 1254 4458 insuperEpiscopos
