2820 5010
153 380 225 451 180
440 398 654 482 couermuu
679 398 969 453 uscmuoasnsu

548 691 861 787 EPISTOLA

44 902 47 907 ¹
152 941 306 996 nerana
333 943 473 995 eunom
501 944 552 995 nn
581 943 865 1016 commensus«,
890 944 940 994 ur
966 942 1252 997 posnanienses

370 1060 417 1112 sc
436 1059 690 1112 amsueussu
707 1060 1040 1113 saemsrrscoros.

160 1266 447 1343 Venerabililtus
456 1268 500 1341 in
514 1266 668 1342 Christo
678 1265 897 1362 iratribus,
906 1268 1138 1368 inclytisque
1149 1266 1256 1343 fidei

207 1380 506 1479 Confessort'ltus
516 1381 921 1457 Cununnrrduausro
933 1382 1257 1459 attensem

201 1496 318 1572 nibus
342 1519 394 1571 os
419 1494 580 1570 Duosrs
604 1519 656 1570 nx
679 1495 936 1591 Vrscnsmno,
962 1496 1201 1591 Coloniensi,
1221 1507 1257 1571 et

202 1609 388 1685 Meamne
408 1632 432 1683 s
452 1608 601 1704 Duum,
615 1609 882 1686 Posnonienst'
897 1622 936 1686 et
956 1611 1177 1686 Gmenmsi
1191 1610 1257 1686 tir

202 1725 481 1825 cisiepiscopis3
504 1723 829 1825 drcbiepiscopus
850 1725 1152 1801 Baltimorensis
1167 1750 1258 1825 pro

200 1840 340 1915 vinda
367 1838 711 1938 Metropolitanus,
738 1850 777 1914 ct
808 1837 1072 1939 Suffrugartet',
1098 1840 1258 1941 space

194 1955 317 2053 pt'quc
333 1978 466 2028 omnes
483 1953 693 2029 Baltimori
708 1954 752 2029 in
772 1953 947 2029 vernoilio
963 1957 1208 2056 emtgregati.

204 2182 392 2277 Salutem,
408 2181 581 2283 gratiam
596 2182 762 2279 laudem,
777 2180 962 2259 honorem
978 2194 1020 2258 et
1036 2183 1207 2283 glorium.

235 2410 365 2489 NIUS
380 2412 627 2512 ejusdemque
640 2411 790 2510 mystici
803 2412 974 2512 corporis
987 2415 1171 2509 membra,
1179 2436 1258 2491 uno

252 2528 465 2624 eodemque
483 2526 614 2624 spiritu
631 2525 721 2621 acti,
733 2526 843 2602 unius
860 2526 1108 2626 ejusdemque
1122 2528 1258 2627 cupitis

153 2640 300 2717 vivifico
313 2641 454 2717 bifluxu
466 2639 646 2738 copulati,
655 2664 732 2715 non
746 2640 949 2739 potuimus,
959 2641 1130 2738 quamvis
1141 2643 1258 2744 longo

152 2766 264 2831 terrae
279 2756 469 2854 marisque
482 2755 605 2854 spatio
624 2755 802 2854 separati,
815 2779 1062 2853 quaecumque
1080 2757 1185 2854 passi
1202 2782 1259 2832 es-

153 2869 214 2965 tis,
225 2870 356 2970 inclyti
370 2871 638 2964 confessores,
649 2895 726 2944 non
740 2870 891 2944 sentire.
944 2870 1143 2946 Charitate
1156 2872 1258 2948 enim

154 2984 298 3059 Christi
313 3009 385 3059 nos
399 2996 571 3084 urgente,
582 2984 750 3059 flendum
768 2996 850 3059 erat
867 3009 955 3059 cum
968 2985 1158 3081 flentibus,
1169 3010 1259 3086 gau·

153 3098 320 3174 dendum
334 3124 421 3175 cum
435 3099 697 3199 gaudentibus.
741 3098 965 3174 Vestrorum
982 3100 1162 3198 praeclare
1176 3125 1259 3201 ges·

153 3224 279 3290 torum
307 3215 410 3289 fama
443 3215 494 3289 ad
527 3238 600 3288 nos
632 3238 753 3311 usque
787 3214 966 3312 pervenit.
1031 3215 1257 3291 Audivimus

152 3328 364 3428 potentium
389 3329 428 3402 in
449 3352 516 3404 vos
542 3339 583 3402 et
606 3327 645 3401 in
671 3327 890 3403 Ecclesiam
912 3328 1064 3404 inimica
1087 3329 1259 3425 consilia,

154 3445 376 3539 calumnias,
405 3443 539 3538 minas,
572 3442 872 3541 persecutiones,
905 3443 1028 3537 exilia,
1060 3468 1258 3539 carcerem

153 3559 362 3635 audivimus
393 3557 635 3656 Episcopalis
665 3556 779 3632 animi
809 3559 923 3633 robur
948 3558 1143 3657 invictum,
1168 3584 1258 3636 con·

154 3675 344 3768 stantiam,
376 3671 509 3764 fidem,
547 3672 755 3748 audivimus
792 3673 944 3772 dignam
980 3673 1256 3772 Apostolorum

153 3786 443 3864 successoribus
479 3785 714 3861 mitissimam
749 3787 980 3886 patientiam,
1014 3789 1257 3887 prudentissi-

154 3927 255 3977 mam
266 3900 506 4000 sapientiam:
524 3900 746 3995 audivimus,
756 3914 795 3977 ct
805 3901 927 3976 mirati
938 3927 1078 3977 sumus.
1114 3901 1256 3978 Mirum

154 4016 325 4117 profecto
341 4015 480 4091 nostris
506 4015 613 4090 hisce
635 4016 881 4116 temporibus,
896 4042 982 4114 quae
1003 4017 1117 4092 tantis
1143 4019 1258 4094 laudi-

155 4134 225 4207 bus
252 4130 481 4206 extolluntur
504 4130 554 4203 ob
577 4131 751 4205 excultos
774 4154 913 4225 mores,
930 4131 1124 4228 politiores
1142 4144 1257 4226 artes,

155 4246 309 4321 altiores
335 4245 528 4339 scientias,
544 4243 849 4343 liberalioresque
876 4245 1107 4345 disciplinas,
1123 4247 1257 4322 miran-

156 4362 245 4438 dum
257 4360 297 4437 in
309 4359 524 4460 regionibus
535 4358 719 4460 evangelii
731 4359 817 4437 luce
830 4358 1036 4458 illustratis,
1044 4360 1255 4438 mirandum
