2820 5010
151 388 200 460 88
435 403 648 455 conclarum
674 403 963 455 sarrruoaaasa

152 593 414 681 peccatorum:
440 581 477 655 in
494 580 646 655 nomine
669 578 825 653 Domini
846 579 967 653 nostri
982 578 1080 653 Jesu
1098 577 1254 671 Christi,

151 697 215 794 qui
232 708 410 770 venturus
428 707 488 770 est
504 695 678 794 judicare
696 694 799 769 vivos
817 706 857 771 et
873 704 1059 787 mortuos,
1075 705 1116 768 et
1136 717 1253 771 soecu·

152 811 228 886 lum
247 835 314 909 per
331 809 466 909 ignem.
519 791 565 898 lli.
592 810 730 884 Amen.

617 1012 782 1065 OREMUS.

201 1149 367 1225 Domine
392 1160 539 1242 sancte,
554 1146 673 1223 Pater
696 1147 949 1245 omnipotens,
965 1159 1106 1222 aeteme
1130 1145 1253 1241 Deus,

152 1288 336 1361 aquarum
352 1261 599 1362 spiritualium
617 1261 887 1357 sanctificator,
899 1274 938 1337 te
956 1260 1176 1360 suppliciter
1193 1259 1254 1336 de·

152 1402 354 1478 precamur
386 1388 429 1452 ut
461 1377 536 1453 hoc
574 1376 820 1451 ministerium
858 1376 1076 1451 humilitatis
1113 1387 1253 1451 nostra

151 1493 343 1590 respicere
362 1491 545 1590 digneris3
570 1503 610 1565 et
632 1516 746 1589 super
769 1491 839 1565 has
863 1515 983 1589 aquas
1000 1490 1200 1566 abluendis
1216 1500 1253 1563 ot

153 1606 382 1682 vivificandis
406 1605 618 1681 hominibus
642 1618 886 1703 praeparatas,
905 1606 1097 1703 Angelum
1118 1603 1253 1679 sancti·

152 1722 240 1797 tatis
255 1721 419 1814 emittas,
429 1733 471 1796 ut
484 1719 653 1819 peccatis
668 1721 800 1818 prioris
814 1721 899 1795 vitae
911 1719 1061 1813 ablutis,
1070 1731 1251 1817 reatuque

154 1837 321 1929 deterso,
334 1860 466 1933 purum
485 1847 636 1911 sacrato
656 1835 812 1933 Spiritui
828 1834 1083 1909 habitaculum
1101 1857 1253 1933 regens

153 1949 359 2025 rationibus
383 1961 571 2047 procuret.
623 1948 701 2025 Per
723 1949 918 2025 Christum
941 1948 1150 2025 Dominum
1171 1972 1254 2025 nos·

154 2076 263 2139 trum.
316 2060 363 2166 ld.
391 2064 528 2138 Amen.

204 2176 394 2274 Infundat
417 2180 595 2278 deinceps
614 2179 803 2255 Sanctum
824 2178 958 2253 Oleum
977 2179 1021 2253 in
1041 2203 1199 2279 apuam,
1213 2179 1255 2252 ἐκ

154 2293 313 2368 modum
329 2294 470 2386 crucis,
487 2293 642 2369 dicam:

207 2406 437 2505 Conjunctio
466 2405 556 2481 Olei
580 2407 782 2502 unctionis,
806 2420 846 2482 et
871 2431 979 2506 aquae
1008 2405 1254 2504 Baptismatis

156 2521 425 2615 sanctificetur,
438 2532 477 2596 et
493 2521 741 2597 foecundetur.
792 2521 839 2597 In
856 2522 1009 2597 nomine
1026 2520 1154 2596 Patris
1171 2524 1203 2616 †,
1218 2530 1256 2595 et

156 2637 243 2711 Filii
259 2639 289 2732 †‚
307 2649 346 2710 et
364 2635 526 2733 Spiritris
543 2639 562 2729 †
578 2636 710 2711 sancti.
764 2628 810 2731 Id.
837 2637 986 2711 Amen.»

179 2752 356 2927 rga?
374 2752 552 2826 carim
565 2777 676 2850 aqum
689 2749 874 2850 infundat
890 2754 934 2826 in
945 2752 1104 2826 modum
1117 2751 1257 2845 crusis,

156 2877 177 2926 e
253 2877 273 2926 c
327 2878 338 2926 .·

208 2966 439 3066 Conjunctio
475 2966 700 3041 Chrismatis
737 2965 1060 3059 sanctificationis,
1092 2977 1132 3040 et
1169 2964 1257 3040 Olei

157 3081 360 3176 unctionis,
377 3093 416 3155 et
439 3106 547 3179 aqum
570 3081 828 3179 Baptismatis,
845 3081 1116 3173 sanctificetur,
1132 3092 1172 3154 et
1195 3079 1258 3154 sm

159 3199 355 3272 cundctur.
407 3197 452 3272 In
466 3197 617 3272 nomine
631 3196 756 3271 Patris
770 3200 801 3292 t,
814 3210 852 3271 ct
870 3196 955 3272 Filii
968 3200 1050 3291 †,.ot
1064 3195 1227 3294 Spiritus
1240 3197 1258 3289 l

159 3312 291 3386 sancti.
345 3296 390 3403 ld.
418 3312 555 3386 Amen.

208 3427 386 3523 Denique
403 3426 520 3518 dicat,
537 3426 763 3499 benedicens
779 3427 907 3524 rpsam
923 3451 1088 3523 mam:

209 3539 479 3615 Sanctificetur
502 3552 541 3613 et
566 3539 804 3614 soecundetur
829 3539 937 3614 Fons
963 3539 1047 3633 iste,
1070 3550 1109 3613 et
1135 3564 1181 3613 ex
1209 3564 1257 3612 eo

158 3666 415 3732 renascentes.
467 3653 513 3727 In
530 3653 682 3729 nomine
700 3654 827 3729 Patris
840 3657 870 3748 †‚
884 3667 923 3729 et
939 3654 1027 3729 Filii
1043 3657 1074 3749 t,
1087 3667 1126 3728 et
1144 3653 1260 3753 Spiri-

159 3770 218 3846 tris
236 3773 255 3864 †
272 3768 403 3845 sancti.
456 3746 502 3853 lli.
528 3768 691 3842 Amen.”

210 4003 243 4074 3.
271 3998 460 4093 Tandem,
474 3997 560 4074 cirm
577 4000 626 4072 ob
645 3999 815 4073 locorum
830 3998 1059 4093 distantiam,
1071 4001 1260 4099 operario

161 4140 317 4213 rumque
339 4114 546 4213 penuriam,
563 4113 670 4189 valde
688 4113 850 4207 difficile,
868 4128 907 4187 ot
927 4114 1127 4207 aliquando
1146 4116 1259 4191 etiam

161 4229 389 4329 impossibile
418 4241 489 4323 est,
512 4242 554 4304 ut
582 4229 816 4303 Sacerdotes
844 4230 991 4327 possint
1018 4231 1149 4306 audire
1173 4256 1260 4307 con·

160 4346 345 4424 sessiones
366 4345 546 4439 fidolium,
563 4368 706 4442 eosque
724 4343 925 4442 disponere
943 4345 992 4421 ad
1017 4346 1184 4423 debitam
1205 4372 1261 4423 ro
1333 4384 1336 4389 >
