2820 5010
155 402 206 473 42
443 425 655 475 concursu
680 424 969 476 esumuonsuss

156 611 252 693 atur,
266 624 351 675 eam
369 600 548 694 indicent,
560 599 649 698 quin
662 613 790 675 tamen
807 600 980 676 Decreta
994 624 1105 676 norm
1117 601 1259 675 discus·

156 713 252 789 sioni
271 715 524 814 subjiciantur.

205 827 357 904 Deinde
373 829 451 903 lata
468 839 556 903 sunt
571 829 744 904 Decreta
759 832 797 924 2,
814 833 837 902 3
856 841 895 904 et
911 834 947 903 4.

362 1102 516 1163 TERTIA
538 1102 834 1163 GONGREGATIO
855 1102 1043 1163 PUBLICA.

206 1279 324 1356 Horu
336 1282 444 1356 tertii
460 1281 505 1356 Ρ.
520 1281 575 1355 Μ.
590 1281 628 1358 in
646 1280 822 1356 Ecclesit
836 1282 1057 1358 Cethedrali
1070 1307 1253 1358 convene

155 1407 241 1469 runt
263 1395 417 1470 Praelati
433 1408 472 1471 et
489 1394 689 1495 Theologi.
741 1397 885 1471 Actum
903 1408 963 1471 est
984 1398 1033 1471 de
1056 1395 1252 1473 Duacensi

13 1542 16 1547 ’
117 1609 120 1615 Ι
156 1509 436 1608 Scripturarum
455 1511 639 1604 versione,
656 1511 704 1585 de
726 1510 933 1585 Bibliorum
954 1512 1252 1587 acatholicorum

156 1635 195 1698 et
212 1624 261 1699 de
278 1625 548 1723 prohibitorum
565 1625 743 1699 librorum
760 1625 933 1700 lectione.

359 1897 512 1959 TERTIA
535 1896 832 1958 CONGREGA'I'IO
854 1897 1048 1958 PRIVATA.

205 2076 283 2152 Dm
300 2082 324 2152 7
343 2075 538 2170 octobrio,
555 2076 719 2151 Sacrum
741 2076 1004 2175 pontificaliter
1022 2078 1252 2152 celebratum

154 2191 413 2267 esttRsvno
427 2190 623 2290 Episcopo
635 2190 933 2285 Cincinnatensi,
942 2190 1116 2266 Praelatis
1128 2189 1253 2266 Theo
1283 2234 1286 2241 ·

154 2304 325 2404 legisque
355 2304 636 2398 assistentibus3
665 2304 802 2379 concio
832 2317 960 2380 autem
991 2305 1120 2380 habita
1145 2307 1254 2381 esti

153 2420 307 2496 Revmo
320 2419 516 2519 Episcopo
532 2420 856 2518 Carolopolitano,
869 2432 908 2494 et
921 2433 1051 2496 cetera
1063 2446 1133 2519 pro
1147 2446 1252 2497 more

153 2548 319 2635 peracta.
370 2535 470 2610 Dein
501 2534 673 2610 Proelatis
700 2535 738 2609 in
769 2535 988 2611 Secretmio
1014 2537 1253 2632 coadunatis,

152 2653 254 2729 lecta
271 2664 310 2726 et
327 2652 486 2749 probata
503 2664 591 2726 sunt
608 2651 778 2726 Decreta
794 2665 909 2726 antee
925 2654 1012 2727 lata.

352 2923 525 2997 QUARTA
547 2923 844 2985 CONGREGATIO
865 2924 1053 2986 PUBLICA.

203 3104 321 3180 Hons
339 3104 469 3202 quarte
485 3102 530 3177 P.
549 3102 604 3177 M.
624 3116 882 3178 convenerunt
898 3103 1051 3179 Praelati
1068 3117 1108 3179 et
1124 3103 1252 3181 Theo-

152 3218 228 3317 logi
252 3219 290 3292 in
315 3218 492 3293 Ecclesia
510 3216 738 3292 Cethedrali.
791 3219 934 3293 Actum
958 3229 1019 3292 est
1042 3219 1090 3292 de
1109 3219 1251 3295 Catho-

152 3332 223 3407 lies
247 3330 516 3431 Typographifa
539 3330 774 3405 instituendi„
827 3331 961 3406 Lectae
986 3356 1138 3430 quoque
1165 3346 1252 3408 sunt

66 3485 82 3501 κ
153 3443 311 3520 Litterae
334 3444 555 3542 Encyclicae
580 3444 699 3519 SSmi
724 3445 774 3519 D.
800 3445 849 3521 N.
876 3446 940 3521 Pu
966 3445 1047 3521 ΡΡ.
1074 3445 1187 3541 VIII,
1211 3463 1252 3522 ut

152 3558 361 3658 Theologis
374 3558 687 3651 'innotescerent3
712 3559 814 3635 nulle
836 3572 964 3635 tamen
988 3560 1169 3635 solemnis
1191 3586 1252 3636 ee·

151 3698 234 3749 nrm
251 3672 501 3772 promulgatio
518 3672 622 3748 sacta
639 3686 708 3748 est.

347 3940 520 4014 QUARTA
543 3941 841 4004 CONGREGA'I'IO
862 3941 1055 4003 PRIVATA.

199 4135 320 4209 D1e8
339 4134 534 4231 Octobris,
546 4137 637 4211 hort
654 4140 788 4212 octavi
805 4138 853 4213 A.
872 4138 927 4213 Μ.
946 4138 1122 4212 Revffius
1141 4137 1252 4237 Epis·

150 4276 270 4349 copus
296 4251 338 4325 S.
357 4251 544 4328 Ludovici
568 4253 832 4351 pontificaliter
855 4253 1071 4347 celebravit,
1087 4265 1127 4328 et
1150 4253 1251 4329 Rev·
1339 4268 1346 4283 ·

149 4374 234 4442 mus
274 4365 492 4465 Episcopus
537 4367 802 4444 Bostoniensis
843 4369 1069 4444 concionem
1110 4369 1249 4445 habuit.
