2820 5010
209 379 259 452 70
495 401 708 454 concursu
735 400 1023 461 rsurruosrusr

207 599 308 670 esse,
334 576 487 677 adjungi
516 591 674 677 possent
698 579 828 653 verba:
858 581 925 678 qui
951 578 1103 653 Rituali
1126 577 1306 655 Rmnano

206 689 420 788 conformis
436 696 500 787 sit,
517 706 554 768 et
572 696 608 769 S.
629 696 738 769 Sedis
745 695 899 793 judicio
916 694 1190 793 subjiciendas.

255 804 302 878 ln
327 805 497 880 Decreto
524 808 714 907 trigesimo
741 809 926 902 secundo,
941 808 978 881 in
1005 833 1080 905 quo
1107 809 1232 908 agitur
1257 810 1304 884 de

205 919 325 994 sormi
336 920 610 1021 Superpellicei
622 923 825 997 adhibendi
836 924 857 995 ir
868 922 1042 1016 Clericis,
1051 923 1198 998 videtur
1213 924 1304 997 setis

206 1058 293 1109 esse
304 1034 489 1110 affirmas
502 1038 828 1137 superpelliceum
840 1062 922 1111 esse
933 1038 1067 1110 debere
1076 1039 1305 1134 modestam,

204 1148 397 1243 decorum,
413 1162 450 1225 ct
467 1155 591 1226 sacris
604 1150 881 1247 functionibus
898 1154 1139 1227 conversione.
1190 1152 1239 1227 In
1256 1178 1301 1228 eo

202 1261 374 1338 Decreto
393 1266 616 1340 describitur
634 1267 806 1363 quaedam
829 1266 1093 1364 superpellicei
1113 1266 1249 1362 forma,
1264 1279 1302 1341 et

204 1377 340 1454 dicitur
360 1404 446 1455 eam
468 1406 554 1455 esse
580 1382 618 1455 in
645 1382 686 1454 S.
705 1381 884 1456 Romani
908 1382 1084 1456 Ecclesii
1108 1382 1301 1459 usitatum:

203 1492 377 1568 offirmari
398 1506 526 1569 temen
544 1521 620 1569 non
646 1507 773 1592 potest
791 1521 875 1570 eam
894 1496 1015 1570 solam
1039 1498 1302 1595 superpellicei

202 1607 361 1682 formam
379 1609 417 1683 in
435 1610 538 1685 Urbe
556 1611 683 1684 Romi
699 1611 876 1684 usitatam
894 1635 991 1684 esse.

251 1722 297 1801 In
311 1723 480 1798 Decreta
495 1724 686 1823 trigesimo
700 1725 824 1818 tertio,
836 1725 900 1799 ubi
916 1725 1039 1823 agitur
1052 1726 1100 1800 de
1114 1725 1302 1801 Cateche

201 1861 290 1911 seos
312 1839 412 1914 libris
438 1841 656 1934 retinendis,
674 1852 712 1913 et
736 1840 963 1939 rejiciendis,
981 1841 1022 1914 S.
1042 1841 1300 1940 congregatio

201 1952 305 2051 cupit
326 1953 408 2029 haec
432 1955 546 2029 etiam
571 1955 761 2030 affirmari:
786 1956 958 2030 Dabitur
974 1967 1106 2030 autem
1122 1980 1243 2055 opera
1256 1968 1300 2031 ut

204 2068 468 2145 catechismus
485 2085 751 2172 componatur,
768 2074 835 2170 qui
855 2073 1160 2146 circumstantiis
1183 2072 1299 2172 hujus

199 2182 420 2260 Provincia
443 2188 574 2285 magis
600 2187 925 2279 accommodatus,
949 2185 1190 2261 Catholicam
1213 2188 1299 2261 doc·

199 2299 408 2373 trinomia
429 2300 668 2374 catechismo
697 2302 810 2374 Card.
829 2301 1059 2374 Bellamaini
1081 2302 1298 2399 expositam

199 2414 341 2507 tradat,
354 2417 493 2514 quique
502 2428 597 2515 post
615 2417 724 2490 Sed-is
736 2416 967 2516 dpostolica
980 2416 1297 2514 approbationem

197 2528 331 2603 edetur
360 2533 414 2604 ad
440 2557 682 2605 communem
716 2532 1003 2605 catholicorum
1026 2556 1152 2604 usum.
1206 2532 1296 2606 Hoc

196 2644 296 2718 enim
314 2659 612 2721 consentaneum
630 2647 807 2746 imprimis
827 2660 886 2720 est
902 2647 945 2720 iis
961 2671 1045 2743 quae
1062 2646 1294 2722 Benedictus

195 2756 292 2833 XIV
314 2760 429 2835 habet
453 2762 491 2835 in
517 2761 725 2859 Encyclics
750 2761 877 2858 (Tom.
900 2766 917 2833 l
944 2760 1111 2855 Bullarii,
1130 2758 1194 2835 No
1217 2766 1294 2859 42.)

195 2872 244 2946 ad
263 2872 519 2970 Petriarchas,
536 2875 738 2968 Primatas,
755 2887 827 2948 etc.

243 2986 290 3061 ln
307 2987 499 3088 trigesimo
517 2990 648 3086 quinto
674 2990 858 3082 Decreto,
874 2988 937 3062 ubi
955 3012 1080 3062 sermo
1102 3001 1162 3087 est
1184 2990 1232 3064 de
1255 2990 1294 3064 li·

66 3143 72 3161 ·
194 3102 269 3176 bris
297 3103 335 3178 iu
364 3106 592 3181 Scholarum
622 3130 732 3179 usum
763 3104 934 3197 edendiS,
959 3103 1111 3201 adjungi
1136 3118 1294 3201 possent

194 3220 323 3294 verbe:
349 3221 430 3296 Eos
450 3224 569 3296 tidros
587 3222 870 3321 Episcoporum
885 3221 1040 3319 judicia
1061 3221 1293 3318 approbatos

193 3333 359 3407 edendos
384 3360 476 3410 csse.
530 3336 668 3434 Agitur
697 3336 796 3409 enim
825 3334 950 3408 ibide
979 3334 1166 3431 ejusmodi
1191 3334 1292 3409 libris

193 3445 363 3541 edendis,
390 3450 454 3545 qui
483 3451 672 3524 erroribus
703 3449 876 3523 omnibus
907 3447 1105 3546 expurgati
1138 3447 1226 3542 sint,
1254 3461 1293 3522 et

193 3560 327 3657 quibus
344 3561 434 3635 nihil
452 3565 691 3637 contineatur
709 3564 810 3661 quod
830 3562 1042 3637 Catholicae
1058 3561 1147 3636 fidei
1164 3563 1292 3637 odium

191 3676 250 3748 vel
266 3675 441 3751 invidiam
455 3701 588 3775 parere
607 3679 735 3776 possit.
780 3679 952 3775 Apparet
965 3676 1076 3776 igitur
1093 3676 1291 3773 plurimirm

191 3789 376 3866 interesse
391 3806 432 3867 ut
445 3793 628 3893 Episcopi
641 3795 688 3867 de
702 3794 837 3868 talibus
852 3793 953 3867 libris
961 3792 1145 3890 judicium
1157 3793 1289 3867 serant.

241 3906 339 3982 Haec
364 3922 452 3982 sunt
474 3934 557 4006 quae
581 3909 684 3982 circa
709 3909 879 3983 Decreta
905 3907 926 3980 i
952 3908 1111 4005 Synodo
1138 3907 1291 3981 Provin-

190 4019 276 4096 ciali
305 4022 571 4099 Beltimorensi
599 4025 701 4099 edita
727 4026 768 4098 S.
796 4023 1093 4122 congregationi
1122 4023 1291 4097 notanda

190 4159 277 4209 esse
303 4137 383 4211 visa
408 4154 505 4214 sunt.
557 4140 701 4214 Restat
724 4165 825 4213 nunc
853 4153 894 4212 ut
919 4138 1058 4234 aliquid
1077 4137 1224 4212 dicatur
1242 4139 1290 4213 de

189 4250 335 4325 ratione
353 4256 425 4349 qui
443 4254 625 4354 Episcopi
643 4255 821 4329 Decretis
840 4254 1010 4351 ejusdem
1037 4252 1185 4350 Synodi
1206 4254 1290 4326 suo

189 4365 431 4464 scripserunt.
492 4368 592 4442 Nanr
619 4369 670 4442 R.
698 4368 742 4441 P.
770 4367 819 4441 D.
847 4367 1171 4465 Archiepiscopus
1206 4369 1289 4440 sub·
