2820 5010
87 387 136 461 bd
366 407 578 458 concrunnr
603 408 895 461 anarrrroaanss
969 414 976 419 ·

84 580 226 659 tanturn
251 583 516 680 approbemus,
541 596 581 656 et
606 609 690 681 quae
718 586 765 658 ab
795 585 857 658 illo
888 586 1098 684 rejicienda
1122 588 1180 662 vel

83 696 371 773 condemnanda
389 697 674 795 judicabuntur,
696 699 909 797 rejiciamus
935 714 1052 799 atque
1080 703 1181 777 dam·

85 834 225 887 numus.
277 809 338 884 Ea
368 823 495 886 autem
525 812 562 886 in
592 813 662 888 illis
693 815 916 908 condendis,
943 816 1178 890 Barrrssrua

84 924 227 1019 llarun,
243 950 350 999 mens
367 939 500 1000 nostra
516 951 592 1000 non
610 927 679 1002 fuit
696 941 738 1002 ut
760 953 898 1003 novum
916 929 1080 1027 aliquem
1107 930 1180 1004 Ec·

81 1038 376 1115 cloalasticarum
400 1041 525 1139 legum
543 1042 717 1116 codicem
734 1042 1019 1137 fabricaremus,
1036 1056 1103 1119 aut
1120 1068 1180 1118 ea-

81 1178 162 1233 ntur
180 1180 263 1252 quae
280 1158 361 1254 jam
385 1157 470 1231 latae
487 1158 637 1232 fuerunt
654 1158 704 1232 ad
727 1183 891 1257 unguem
909 1159 1124 1234 absolutam
1141 1170 1179 1233 et

82 1268 287 1369 porrectam
301 1271 404 1346 clero
419 1284 457 1345 et
475 1273 615 1369 populo
632 1273 854 1348 Dioecesum
872 1287 1087 1348 nostrarum
1107 1276 1180 1349 col-

81 1382 281 1461 lactionem
309 1385 582 1460 exhiberemus.
634 1387 748 1461 Absit
777 1400 820 1462 ut
844 1387 1062 1487 hujusmodi
1092 1414 1179 1463 con-

79 1496 161 1575 silla
194 1499 318 1574 animo
350 1525 596 1575 versaremus.
649 1502 713 1577 Ad
748 1503 907 1601 primurn
942 1504 1042 1577 enirn
1077 1503 1178 1601 quod

79 1613 226 1707 attinet,
249 1615 488 1690 sanctissima
518 1629 557 1691 et
587 1618 741 1714 antiqua
770 1616 1050 1692 Ecclesiastico
1079 1618 1179 1693 insti-

80 1740 173 1823 tuta,
187 1729 262 1803 SS.
278 1729 450 1824 Petrum,
463 1733 764 1807 venerandorum
783 1732 1056 1827 Conciliorum,
1070 1733 1180 1806 Sum·

80 1866 300 1943 morumque
331 1844 561 1920 Pontificum
592 1846 818 1922 auctoritate
849 1846 1009 1940 firmata,
1034 1848 1079 1921 erl
1109 1849 1180 1945 qud

81 1980 148 2061 par
164 1971 223 2031 ast
241 1961 483 2035 veneratione
501 1973 790 2060 prosequentes,
803 1960 854 2034 nil
870 1960 979 2035 nobis
998 1962 1180 2056 sanctius,

79 2071 129 2151 nil
145 2073 307 2172 unquam
325 2074 513 2173 antiquius
532 2076 603 2150 erit
620 2076 731 2173 quarn
752 2076 821 2149 illis
840 2075 1048 2169 adhaerere,
1064 2089 1178 2174 atqua

78 2186 338 2265 luoritatibus
352 2190 525 2265 omnibus
539 2202 597 2264 tot
610 2190 785 2289 periculis
799 2190 948 2265 refertis
962 2191 1177 2265 abhorrere.

80 2302 223 2389 Quoad
248 2303 335 2380 verb
361 2306 585 2400 secundum,
609 2331 682 2381 nec
712 2306 774 2379 alii
804 2306 942 2380 desunt
966 2299 1107 2398 sontes,
1131 2328 1179 2381 ex

78 2418 212 2519 qulbus
236 2445 326 2495 oves
350 2434 491 2495 nostrae
508 2445 610 2496 curre
633 2421 863 2506 concreditae
888 2419 1179 2496 Ecclesiastica·

77 2557 160 2611 rum
173 2534 297 2633 legum
312 2536 523 2610 doctrinam
538 2535 684 2633 possint
697 2536 865 2628 haurire;
879 2559 951 2609 nec
965 2548 1179 2632 temporum

77 2648 271 2749 adjuncta,
287 2650 435 2748 aliaque
457 2650 629 2749 graviora
652 2649 851 2748 pastoralis
872 2649 1037 2724 muneris
1056 2650 1181 2738 officia

76 2762 126 2839 ad
152 2764 369 2863 perdifficile
398 2765 612 2863 hujusmodi
638 2790 734 2862 opus
761 2766 1034 2839 lucubrandum
1061 2764 1179 2839 otium

76 2879 334 2956 nooessarium
352 2880 460 2954 nobis
479 2879 725 2977 reliquissent.
778 2879 898 2978 Igitur
915 2879 952 2954 id
970 2879 1078 2953 nobis
1097 2905 1180 2978 pro

77 2992 189 3093 positi
211 2993 294 3086 luit,
316 3006 358 3069 ut
384 2994 529 3069 scilicet
555 2994 802 3093 praesentibus
827 2993 1179 3093 urgentioribusque

76 3108 298 3185 Dimcesum
324 3122 538 3184 nostrarum
563 3109 853 3184 necessitatibus
878 3133 1180 3202 occurreremus,

76 3236 116 3299 et
140 3222 318 3321 imprimis
345 3249 458 3299 unam
485 3226 748 3322 eamdemque,
773 3225 900 3322 quoad
924 3224 1006 3298 ficri
1036 3236 1180 3322 posset,

77 3336 313 3437 disciplinam
329 3338 627 3431 restitueremus,
641 3338 917 3413 Sacerdotibus
930 3337 1179 3412 collaborato

75 3452 178 3529 ribus
208 3453 347 3528 nostris
378 3454 414 3526 in
441 3453 662 3527 memoriam
692 3453 910 3528 revocando
936 3477 997 3544 ea,
1021 3478 1106 3550 quoe
1130 3454 1178 3526 ab

76 3566 254 3644 Ecclesia
264 3568 345 3667 jam
364 3568 533 3660 decreta,
549 3569 608 3641 vel
626 3567 896 3642 commendata
912 3566 1074 3641 fuerunt

116 3684 326 3758 Fatcamur
336 3681 507 3780 profectb
519 3694 727 3780 oportet,ct
737 3681 1038 3756 “benedicamus
1050 3681 1178 3756 Deum

75 3799 176 3889 omli,
200 3812 240 3873 et
265 3822 396 3874 coram
423 3796 597 3871 omnibus
622 3797 830 3871 virentibus
857 3795 1108 3870 confiteamur
1132 3795 1180 3889 ei,

75 3913 165 4013 quia
197 3913 290 3988 fecit
322 3911 521 3987 nobiscum
551 3910 850 3985 misericordiam
880 3935 1005 3985 suam:
1039 3909 1180 3984 etenim

75 4039 356 4105 sacramentum
385 4025 486 4125 regis
514 4026 751 4101 abscondere
781 4027 922 4098 bonum
949 4035 1028 4116 cst3
1061 4048 1181 4122 opera

74 4157 203 4220 autem
232 4142 308 4218 Dei
338 4142 504 4216 revelare
532 4155 572 4215 et
599 4139 772 4215 confiteri
802 4138 1052 4213 honorificum
1082 4137 1179 4213 cst.”

74 4256 256 4333 Nondum
281 4256 381 4331 enim
400 4257 560 4331 duorum
584 4255 810 4328 saeculoram
836 4264 986 4350 tempus
1007 4253 1179 4352 elapsum

74 4386 149 4469 est,
163 4398 213 4451 er
229 4397 305 4473 quo
329 4370 490 4472 primbm
513 4370 551 4445 in
574 4382 722 4445 remoto
739 4381 779 4442 et
800 4369 966 4444 obscuro
988 4366 1180 4468 blarylan·
