2820 5010
523 426 789 476 raovmoranr.
818 428 871 478 nr.
1181 408 1251 476 155

151 615 220 677 tur.
274 604 338 678 Ad
365 603 511 677 calcem
538 614 679 696 autem,
695 615 734 676 et
751 602 852 676 velut
878 603 915 675 in
937 603 1176 701 Appendice,
1200 604 1249 678 ad

153 718 335 817 majorem
361 715 701 811 Missionariorum,
725 717 929 815 praesertim
956 743 1086 792 eorum
1112 718 1250 815 quive!

152 833 190 906 in
207 832 359 932 anglico
372 855 562 924 sermone,
574 829 632 905 vel
650 830 687 903 in
700 830 905 904 ministerio
923 831 1005 928 ipso
1020 830 1150 928 parim
1164 845 1251 906 sunt

153 947 362 1041 exercitati,
378 945 589 1038 utilitatem,
606 944 887 1018 exhortationes
909 946 1081 1042 quaedam
1107 959 1195 1021 ante
1213 961 1251 1021 et

154 1073 240 1160 post
260 1060 622 1135 administrationem
649 1060 984 1133 Sacramentomm
1010 1061 1193 1136 saciendae
1210 1075 1252 1137 ut

153 1175 383 1250 adderentur
408 1185 632 1272 optaverunt
656 1173 793 1249 Patres
821 1175 999 1269 concilii,
1025 1188 1063 1249 et
1088 1178 1250 1274 nequid

154 1291 377 1389 subreperet
393 1288 431 1363 in
449 1313 544 1386 opus
561 1288 657 1363 tanti
674 1289 868 1383 momenti,
885 1290 987 1386 quod
1006 1290 1047 1363 S.
1063 1291 1252 1367 Romanae

154 1404 343 1483 Ecclesioe
367 1403 405 1477 in
432 1403 769 1479 Sacramentorum
794 1405 1115 1479 administratione
1133 1418 1172 1480 et
1195 1432 1252 1481 sa·

153 1519 226 1595 oris
244 1519 376 1594 ritibus
394 1518 668 1617 probatissimae
693 1518 898 1616 disciplinae
915 1519 964 1592 ad
982 1544 1146 1618 unguem
1164 1546 1252 1595 con-

154 1634 274 1708 sorme
300 1658 378 1708 non
403 1645 520 1728 esset,
536 1633 728 1731 exemplar
753 1633 917 1707 Ritualis
944 1633 1083 1708 Romae
1104 1635 1195 1709 editi
1211 1648 1252 1710 ut

155 1747 457 1848 authographum
474 1748 728 1824 adhibendum
746 1773 832 1821 esse
851 1749 1108 1822 decrevemnt.
1149 1750 1253 1825 Cura

155 1874 283 1938 autem
309 1861 420 1960 hujus
449 1862 621 1936 editionis
651 1862 880 1936 demandata
902 1862 970 1937 fuit
994 1863 1190 1962 Episcopo
1209 1865 1250 1938 S.

155 1976 355 2069 Ludovici,
371 1977 435 2075 qui
460 1976 740 2051 Beatitudinem
758 1977 936 2050 Vestram
962 1977 1148 2053 humiliter
1173 2004 1253 2077 pre-

154 2102 274 2184 catur,
286 2101 328 2164 ut
345 2090 383 2163 id
397 2090 417 2163 a
434 2115 477 2164 se
491 2091 660 2187 praestari
677 2090 809 2188 possit,
822 2091 974 2188 praefixo
991 2091 1116 2167 titulo:
1144 2093 1253 2168 Com·

148 2207 337 2306 pendium
349 2206 520 2280 Ra'taala’s
537 2206 707 2280 aonam
724 2207 777 2279 ad
791 2230 907 2280 asum
920 2206 1139 2281 Dioeccsam
1157 2208 1252 2284 Pro·

154 2324 291 2397 aima
307 2322 617 2396 Boltimoreasis.

229 2605 278 2654 EX
297 2605 504 2655 AUDIENTIA
524 2605 851 2674 sancrlssmss,1)1a
871 2602 1093 2657 manduntur
1111 2606 1177 2657 1⁸41.

206 2788 351 2866 SSri'us
368 2790 417 2865 D.
436 2791 484 2866 N.
505 2791 733 2865 Garooarus
750 2791 886 2866 Divina
911 2791 1152 2867 Providentia
1172 2793 1253 2868 PP.

156 2905 265 3000 XVI,
277 2906 465 2981 referente
482 2930 543 2980 me
561 2905 799 3003 infrascripto
814 2906 855 2980 S.
872 2906 1187 3006 congregationis
1206 2910 1254 2983 de

155 3020 409 3119 Propagandi
434 3021 531 3096 Fide
559 3020 790 3113 Secretario,
811 3045 851 3094 re
878 3022 955 3093 toti
982 3021 1254 3119 sapientissime

156 3136 352 3233 perpensa,
376 3146 414 3208 et
439 3135 584 3209 ratione
610 3135 838 3209 habitatum
866 3133 1011 3208 consilii
1041 3137 1061 3207 a
1095 3136 1255 3233 Synodo

156 3248 424 3339 Baltimorensi
441 3248 668 3324 Provinciali
690 3248 870 3346 suscepti,
886 3260 966 3322 tum
988 3248 1039 3322 R.
1058 3249 1102 3322 P.
1122 3250 1171 3323 D.
1190 3250 1216 3323 J
1219 3276 1257 3325 o·

159 3387 268 3439 sarur
285 3362 437 3438 Rosarr
455 3363 640 3462 Episcopi
659 3364 700 3437 S.
714 3362 900 3438 Ludovici
918 3363 1100 3438 doctrinae
1117 3390 1163 3440 ac
1182 3391 1257 3439 me-

156 3478 326 3572 ritorum,
342 3478 405 3552 oui
429 3502 490 3552 res
517 3477 748 3552 absolvenda
765 3477 969 3552 commissa
987 3490 1058 3571 est,
1076 3504 1257 3553 memora·

156 3604 235 3667 tum
248 3592 287 3666 in
299 3592 460 3690 supplici
471 3592 595 3666 libello
615 3593 893 3692 Compendiam
906 3594 1258 3669 RituolisRomam‘

156 3708 209 3782 od
236 3732 353 3782 usam
382 3707 602 3782 Dioeccsam
631 3707 852 3783 Provincia
881 3708 1192 3803 Baltimoreosis,
1209 3712 1256 3784 ab

158 3821 294 3896 eodem
313 3819 510 3919 Episcopo
522 3821 614 3913 fieri,
626 3834 664 3894 et
682 3846 749 3918 per
766 3821 953 3897 dioeceses
968 3822 1257 3899 Foederatarum

161 3936 352 4011 Americae
379 3935 693 4035 septentrionalis
720 3934 1002 4011 Provinciamm
1028 3937 1197 4033 adhiberi
1221 3939 1259 4012 li-

157 4050 244 4125 bere
263 4075 378 4148 posse
397 4051 619 4149 Apostolicri
633 4049 859 4125 auctoritate
876 4050 1035 4150 benigna
1055 4053 1256 4127 concessit.

207 4165 352 4239 Datum
378 4165 529 4260 Romae,
547 4191 594 4240 ex
612 4165 775 4240 AEdibus
803 4165 914 4239 dictae
932 4165 1065 4240 Sacrae
1091 4166 1259 4266 Congre-

160 4279 333 4378 gationis,
350 4280 410 4354 die
429 4293 467 4355 et
485 4305 584 4355 anno
603 4282 737 4380 quibus
756 4280 877 4378 supra.

325 4393 355 4469 1.
375 4397 712 4472 Ancurarrscorus
730 4394 973 4489 Euassunus,
989 4393 1014 4468 ὰ
1032 4397 1207 4469 Sacratis.
