2820 5010
149 367 226 439 242
434 387 646 441 concrmmr
671 346 963 443 nmrruounsn

153 563 301 661 Synodi
325 562 692 663 congregationibus
717 563 876 661 praelirit,
890 588 1082 662 suumque
1108 577 1251 666 gnum

152 701 307 752 sensum
323 677 510 752 munificae
528 678 610 776 ejus
628 678 851 776 blandaque
867 678 1151 777 hospitalitatis.

413 920 553 983 SESSIO
574 921 728 982 TERTIA
748 921 802 982 ΕΤ
823 921 996 984 omma.

206 1134 407 1209 Dournrcn
430 1133 556 1232 quinti
578 1144 667 1232 post
690 1132 856 1229 Pascha,
878 1134 941 1210 die
967 1141 1013 1212 17
1036 1136 1150 1234 Maii,
1171 1139 1259 1214 horl

159 1249 305 1324 decimi
329 1249 377 1323 A.
403 1247 460 1324 Μ.
486 1259 745 1323 convenerunt
768 1247 807 1323 in
834 1247 1013 1325 Ecclesia
1038 1250 1259 1352 Metropoli-

158 1365 247 1438 tani
262 1363 395 1437 Illfflus
412 1387 459 1437 ac
476 1361 651 1436 Revnus
668 1361 718 1436 D.
737 1361 1063 1462 Archiepiscopus
1079 1367 1159 1441 uni
1173 1392 1259 1442 cum

160 1477 299 1553 ceteris
317 1474 479 1552 Concilii
501 1475 693 1570 Patribus,
708 1473 944 1553 officialibus
967 1502 1014 1555 ac
1036 1478 1258 1580 Theologis.

161 1593 322 1668 Missam
339 1591 545 1667 celebravit
564 1590 696 1665 Illffius
714 1614 762 1667 ac
783 1591 957 1667 Revnus
974 1594 1025 1669 D.
1044 1595 1261 1693 Archiepis·

161 1732 300 1806 copus3
329 1704 553 1782 concionem
579 1703 666 1779 vero
691 1703 821 1779 habuit
847 1705 981 1782 Illmus
1005 1732 1055 1784 ac
1084 1709 1259 1785 Revfilus

162 1822 212 1897 D.
231 1820 449 1919 Episcopus
475 1818 816 1917 Carolopolitanus.
867 1818 1019 1897 Deinde
1044 1835 1181 1920 aperta
1204 1835 1262 1899 est

164 1935 298 2009 Sessio
323 1934 435 2008 tertia
458 1944 497 2008 et
520 1933 663 2027 ultima,
679 1944 718 2007 et
741 1935 898 2009 servatis
922 1936 1098 2012 omnibus
1116 1937 1259 2036 quaein

164 2048 379 2124 Pontificali
404 2048 584 2123 Romano
609 2047 913 2146 praescribuntur,
931 2049 1000 2126 rite
1026 2051 1202 2150 perlecta
1223 2063 1263 2126 et

164 2165 349 2239 absoluta.

557 2276 632 2351 En.
650 2275 889 2372 Dmmoux,
906 2278 948 2352 S.
966 2277 1016 2352 Τ.
1034 2278 1086 2354 D.
1110 2282 1212 2356 Scor.

559 2390 805 2466 annorscus
822 2391 1013 2485 Lacuna,
1029 2394 1136 2470 Scor.

591 2620 845 2635 ww

422 2762 1007 2840 ACCLAMATIONES.

218 2952 531 3026 archidiaconus.
558 2950 644 3024 Deo
653 2949 758 3024 Patri
769 2948 1169 3044 misericordiarum,et
1179 2952 1259 3025 Deo

170 3070 284 3144 totius
303 3065 585 3159 consolationis
603 3065 740 3165 gratiae.

225 3185 383 3257 Chorus.
411 3180 604 3255 immensa
621 3193 679 3254 est
696 3179 953 3254 misericordia
970 3191 1037 3253 tua
1054 3205 1264 3279 supernos,

172 3299 349 3392 Domine,
357 3296 419 3394 qui
431 3296 687 3370 Conciliorum
698 3295 905 3393 frequentia
916 3295 1184 3371 Americanam
1195 3297 1265 3372 Ec·

174 3414 327 3490 alesiam
339 3411 480 3510 jugiter
493 3436 645 3510 augere,
657 3435 803 3506 nosque
820 3420 965 3483 rectum
977 3409 1134 3506 justitiae
1147 3410 1265 3484 trami-

174 3542 251 3603 tem
269 3540 307 3602 et
325 3525 530 3623 disciplinae
546 3525 713 3623 regimen
728 3526 868 3600 docere
884 3523 1058 3622 dignatus
1076 3549 1129 3597 es.
1182 3524 1266 3600 Tibi

175 3642 270 3736 laus,
286 3642 351 3716 tibi
375 3639 508 3733 honor,
524 3638 590 3712 tibi
614 3639 732 3738 gloria
754 3638 791 3711 in
813 3637 1004 3730 saeculum,
1020 3649 1059 3710 et
1076 3650 1265 3712 aeternnm.

224 3755 376 3830 archid.
403 3752 631 3828 Beatissimo
662 3751 847 3851 Gregorio
877 3751 1006 3848 Papae,
1035 3761 1077 3835 et
1103 3752 1268 3827 Domino

177 3883 320 3963 nostro,
338 3880 480 3942 sanctae
503 3867 721 3942 universalis
746 3865 934 3941 Ecclesiae
957 3865 1147 3960 Pontifici,
1167 3867 1269 3942 multi

177 3984 265 4058 anni
282 3996 320 4057 et
338 3981 511 4056 diuturna
528 3981 768 4080 prosperitas.

233 4100 390 4173 Chorus.
417 4097 581 4172 Domine
596 4097 716 4184 Deus,
729 4095 1006 4173 sanctissimum
1020 4095 1176 4170 Patrem
1189 4121 1269 4171 nos-

179 4227 276 4288 trum
300 4212 487 4289 Ecclesiae
509 4224 584 4287 tuae
602 4236 801 4287 conserva:
826 4210 932 4284 mitte
956 4209 1006 4283 illi
1030 4211 1207 4286 auxilium
1225 4212 1270 4284 de

179 4340 326 4423 sancto,
337 4340 379 4403 ut
396 4354 442 4403 eo
461 4329 692 4427 gubernante
710 4338 843 4426 gentes
861 4348 993 4399 omnes
1010 4323 1271 4416 illuminentur,
