2820 5010
543 420 795 471 incunctata
823 423 860 472 n.
1181 404 1251 473 105

152 595 323 695 utrisque
336 593 624 691 editionibus,in
637 596 792 670 modum
805 597 1037 695 appendicis,
1050 598 1253 697 adjungen-

154 709 192 784 di
205 708 507 785 modificationes
525 709 722 806 hucusque
737 709 757 784 i
771 709 813 784 S.
829 709 934 786 Sede
947 736 1167 806 concessas,
1180 712 1253 786 uni

153 848 242 897 cum
255 823 441 918 versione,
452 824 651 899 vernacula
667 823 802 922 lingui,
814 849 945 898 eorum
962 851 1046 923 quoe
1063 825 1250 924 praedictis

153 936 384 1013 Praesulibus
402 938 583 1012 vertenda
599 961 685 1012 esse
703 938 783 1011 visa
799 938 945 1013 luerint

203 1050 312 1127 VIII.
340 1052 543 1151 Episcopis
561 1054 829 1127 commendant
847 1053 982 1128 Patres
1001 1066 1042 1128 ut
1056 1055 1158 1129 omni
1175 1067 1250 1130 stu·

153 1164 215 1240 dio
233 1178 368 1241 curent
385 1166 597 1241 Seminaria
618 1167 657 1241 in
674 1166 751 1240 suis
774 1167 1029 1262 Dioecesibus,
1040 1171 1150 1266 juxta
1167 1168 1251 1243 Tri·

154 1280 393 1355 dentinorum
419 1280 575 1354 Patmm
601 1282 769 1375 decreta,
786 1281 949 1381 erigere3
973 1306 1146 1378 eamque,
1163 1307 1252 1379 qua·

154 1393 264 1469 tenus
289 1393 461 1469 locorum
478 1393 658 1493 adjuncta
679 1395 882 1493 patiuntur,
898 1395 936 1470 in
953 1396 1125 1471 omnibus
1144 1397 1251 1494 sequi

153 1506 327 1601 formam,
351 1533 464 1605 quam
490 1507 562 1606 ipsi
589 1507 801 1583 Tridentini
828 1509 964 1584 Patres
988 1509 1249 1607 praescribunt:

153 1620 344 1698 Fidelium
359 1636 488 1698 autem
505 1622 670 1698 studium
687 1622 821 1722 sepius
835 1623 1114 1723 Episcoporum
1128 1625 1252 1700 horta·

152 1735 315 1812 tionibus
333 1737 622 1812 accendendum
640 1738 839 1831 duxcmnt,
855 1750 897 1812 ut
914 1739 1194 1836 eleemosynam
1212 1740 1249 1814 in

153 1877 252 1951 opus
264 1851 361 1927 adeb
378 1851 567 1928 Ecclesiae
579 1852 765 1951 profectui
777 1854 1034 1928 necessarium
1051 1854 1250 1930 liberaliter

153 1966 364 2042 conserant.

202 2080 273 2155 IX.
300 2079 434 2155 Visum
451 2092 511 2156 est
533 2080 711 2155 Patribus
735 2105 870 2156 munus
888 2083 1081 2182 seligendi,
1098 2110 1250 2184 compo-

153 2195 268 2270 nendi
284 2195 343 2269 vel
360 2194 572 2295 corrigendi
590 2196 703 2269 libros
717 2196 754 2270 in
773 2197 1057 2272 Catholicomm
1076 2200 1249 2300 collegio

153 2332 236 2385 rum
261 2320 301 2384 et
325 2309 540 2384 scholarum
567 2309 772 2408 praesertim
798 2335 920 2403 usum,
944 2323 983 2385 et
1007 2324 1050 2387 ut
1073 2315 1120 2387 ab
1147 2315 1255 2389 omni

154 2448 281 2497 errore
299 2435 433 2498 contra
455 2423 569 2498 fidem
587 2423 781 2523 expurgati
806 2423 845 2499 in
869 2425 993 2499 lucem
1011 2427 1169 2501 edantur
1187 2454 1249 2502 cu·

153 2538 273 2632 randi,
285 2538 520 2613 committere
538 2538 780 2632 Praesidibus,
792 2564 860 2636 pro
878 2552 1048 2638 tempore
1062 2542 1249 2616 existenti-

152 2652 356 2748 bus,trium
368 2653 958 2753 CollegioruminArchidioecesi
970 2655 1249 2751 Baltimorensi,

154 2765 287 2864 nempe
302 2766 344 2840 S.
358 2766 493 2841 Mariae
505 2765 805 2860 Baltimorensis,
819 2766 860 2864 S.
874 2767 1010 2842 Mariae
1022 2770 1123 2866 apud
1136 2769 1247 2844 Mon-

153 2891 225 2974 tes,
251 2892 291 2954 et
318 2880 479 2979 Collegii
505 2879 836 2980 Georgiopolitani
890 2882 1107 2957 Sanxerunt
1133 2883 1247 2958 etiam

154 2995 291 3071 Patres
302 3008 344 3070 ut
356 2995 394 3069 hi
406 2995 487 3070 libri
500 3020 588 3070 cum
599 2996 869 3093 approbatione
880 2996 1040 3069 duomm
1054 2996 1187 3071 saltem
1201 3023 1248 3073 ex

156 3108 384 3185 Praesidibus
403 3109 665 3207 praedictorum
684 3108 951 3206 Collegiomm,
967 3120 1081 3205 atque
1099 3133 1146 3183 ex
1163 3134 1250 3185 auc·

157 3223 307 3298 toritate
328 3222 616 3321 Archiepiscopi
638 3221 934 3314 Baltimorensis,
954 3221 1052 3320 typis
1073 3225 1249 3300 manden-

156 3348 232 3429 tur3
258 3361 413 3435 operam
430 3362 581 3412 omnem
598 3362 640 3411 se
658 3336 888 3410 adhibituros
911 3335 1131 3433 pollicentes
1149 3349 1191 3411 ut
1211 3338 1248 3413 in

156 3451 336 3551 collegiis,
348 3451 501 3545 scholis,
514 3462 552 3524 et
565 3450 702 3548 ubique
715 3450 816 3548 apud
830 3449 996 3544 Fideles,
1008 3449 1245 3548 recipiantur.

200 3565 252 3640 X
277 3564 339 3639 Ne
356 3565 453 3666 vagi,
468 3565 598 3664 ignoti,
610 3565 787 3663 pravique
806 3563 1041 3638 Sacerdotes
1059 3588 1169 3641 sacra
1185 3591 1247 3666 ag-

158 3679 374 3779 grediantur
384 3703 540 3753 munera
551 3705 638 3753 cum
650 3677 855 3753 offensione
866 3676 1249 3771 Fidelium,revocan·

157 3795 224 3869 das
250 3818 337 3868 esse
367 3793 580 3886 facultates,
604 3817 698 3890 quas
724 3791 914 3867 communi
939 3793 1103 3889 quodam
1133 3808 1247 3891 pacto

156 3908 339 4007 Episcopi
356 3907 425 3982 sibi
442 3908 601 3983 invicem
618 3908 655 3982 in
670 3908 870 3982 Conventu
887 3931 986 3981 anno
1008 3911 1103 3981 1810
1120 3908 1247 3985 habito

156 4022 276 4125 largiti
288 4034 389 4116 sunt,
401 4033 630 4098 censuerunt
647 4022 799 4096 Patres:
824 4021 986 4117 ideoque
999 4020 1038 4094 in
1055 4034 1247 4119 postemm

156 4137 342 4211 neminem
359 4160 406 4210 ex
425 4135 710 4229 Sacerdotibus,
724 4134 758 4207 vi
774 4132 870 4207 illius
888 4133 1003 4231 pacti,
1013 4158 1126 4231 posse
1138 4135 1248 4232 juris·

158 4249 359 4327 dictionem
377 4274 569 4344 exercere,
585 4250 643 4325 vel
661 4272 811 4323 sacmm
829 4246 981 4344 aliquod
998 4249 1154 4348 aggredi
1171 4275 1248 4325 mu-

157 4389 238 4459 nus,
254 4366 399 4462 absque
416 4364 606 4441 Ordinarii
623 4362 858 4441 auctoritate.

307 4484 353 4553 14
