2820 5010
473 427 476 431 ’
575 432 826 484 raovrnornas
854 433 877 482 r.
1201 414 1248 485 71

152 606 319 707 scripsit:
360 607 451 710 Ego
487 608 668 703 Jacobus,
700 610 1033 709 drcbispiscopus,
1068 576 1252 707 deiciens

152 726 389 825 subscripsi3
413 724 597 823 Episcopi
610 724 697 801 verb
711 726 857 800 diversi
871 725 1017 799 ratione
1036 749 1077 798 se
1092 726 1252 800 subscri-

153 840 244 913 bere
262 838 402 914 debere
428 839 748 913 existimaverunt:
774 840 862 939 Ego
879 840 1125 933 Benedictus,
1141 842 1252 940 llpis-

154 978 274 1053 cupus
300 953 526 1045 Burdertsis⁹
551 955 794 1027 consentiens
819 953 1040 1053 subscripsi.
1094 955 1252 1030 Certum

155 1079 215 1141 est
232 1079 360 1142 eutem
376 1080 457 1141 tum
470 1067 825 1164 Archiepiscopum,
837 1078 917 1139 tum
934 1066 1150 1164 Episcopos
1170 1070 1253 1143 sub-

155 1182 321 1257 scribere
333 1180 509 1256 debuisse
523 1179 687 1253 adhibiti
699 1204 807 1272 voce,
818 1179 1017 1276 Definiens
1030 1181 1251 1281 subscripsi.

155 1294 339 1393 Episcopi
357 1294 457 1369 enim
475 1293 648 1368 Concilio
667 1294 781 1367 etiam
806 1294 972 1392 generali
997 1307 1175 1392 tanquam
1195 1299 1254 1395 ju·

156 1410 263 1485 dices
289 1411 446 1501 adsunt3
472 1420 511 1483 et
536 1420 647 1507 prout
672 1420 830 1506 apparet
847 1433 894 1482 ex
918 1410 1252 1506 subscriptionibus

157 1524 331 1599 Concilio
349 1523 573 1598 Tridentino
599 1523 793 1621 appositis,
811 1523 924 1596 etiam
949 1522 1133 1622 Episcopi
1149 1525 1189 1600 in
1205 1551 1252 1599 co

157 1637 331 1715 Concilio
344 1637 404 1712 usi
417 1650 505 1712 sunt
516 1636 777 1712 subscribendi
787 1636 945 1730 ratione,
957 1637 1156 1734 Definicm
1169 1641 1253 1714 sub-

156 1753 320 1852 scripsi:
345 1751 458 1846 idem,
475 1763 514 1826 et
540 1750 701 1850 graviori
725 1749 840 1825 etiam
864 1751 1023 1845 ratione,
1041 1751 1115 1826 diei
1141 1754 1255 1830 debet

157 1867 206 1944 de
219 1865 393 1942 Concilio
410 1865 647 1941 Prouinciali.
693 1865 796 1939 Satis
811 1876 870 1939 cst
887 1889 963 1962 prae
977 1866 1096 1940 oeulis
1114 1867 1254 1943 habere

158 2005 243 2079 quas
267 1979 500 2055 Benedictus
525 1979 621 2054 XIV
641 1979 792 2076 scripsit
808 1980 885 2076 (De
913 1979 1005 2077 Syn.
1025 1979 1148 2054 Dioec.
1168 1980 1252 2057 Lib.

161 2098 219 2183 13,
236 2094 331 2192 Cap.
349 2098 388 2188 2,
407 2095 470 2169 No
493 2098 561 2191 4.):
587 2095 720 2168 litium
741 2096 785 2168 in
806 2094 979 2167 Concilio
1002 2094 1256 2192 Prouinciali,

157 2209 344 2310 Episcopi
357 2207 607 2309 Suffrugonci
617 2210 760 2283 adsum
773 2209 1130 2306 tanquamjudices‚
1142 2211 1256 2307 itaut

159 2325 390 2417 eorumdem,
402 2335 472 2397 out
483 2325 645 2421 majoris
654 2324 786 2422 partis
803 2347 937 2396 eorum
953 2324 1145 2397 sententia
1154 2350 1255 2423 prae·

158 2439 286 2514 susas
312 2439 512 2514 smtentioe
540 2437 846 2536 Metropolituni.
904 2435 951 2509 In
980 2438 1255 2535 subscriptione

158 2550 270 2650 igitur
294 2551 549 2625 Decretorum
576 2549 723 2647 Synodi
740 2548 986 2623 Provincialis
1010 2549 1256 2626 Baltirnoren-

160 2665 225 2758 sis,
241 2665 560 2763 quemadmodum
585 2665 633 2737 ab
659 2662 974 2761 Archiepiscopo,
996 2663 1050 2738 ita
1074 2667 1120 2738 ab
1148 2665 1256 2763 Epis·

160 2778 267 2877 copis
292 2803 365 2853 vox
388 2777 589 2875 Definicrss
614 2776 832 2875 usurpanda
850 2776 930 2850 erit.
983 2775 1133 2852 Eadem
1158 2779 1254 2854 ratio

160 2919 245 2992 quae
261 2894 352 2968 sacit
371 2905 413 2967 ut
434 2904 643 2966 memorato
669 2893 784 2966 modo
810 2890 995 2990 Episcopi
1020 2893 1256 2969 subscribere

160 3009 337 3101 debeant,
360 3007 527 3081 ostendit
553 3006 666 3079 etiam
695 3006 967 3080 immutandam
992 3029 1078 3079 esse
1104 3006 1257 3107 inserip

160 3122 303 3195 tionem
336 3120 590 3196 Decretorum
620 3120 766 3217 Synodi
779 3128 782 3135 '
795 3119 1090 3192 Baltimorensis.
1141 3120 1187 3195 ln
1213 3125 1258 3196 ei

159 3237 402 3335 utscnptione
420 3236 570 3311 dicitur:
595 3236 682 3309 Nos
701 3235 882 3327 Jacobus,
899 3246 982 3326 ete,
997 3233 1258 3335 drobiepisco-

153 3376 235 3452 pus
259 3351 477 3443 Bultimori,
494 3351 656 3423 conabo
674 3360 889 3422 erassem
914 3348 1258 3427 Revereudissime

159 3491 251 3540 mm
260 3466 428 3539 Poenum
441 3464 777 3564 coepiscoporum,
788 3475 855 3536 etc.
894 3462 946 3537 Ut
957 3477 1139 3561 appareat
1149 3466 1258 3565 Epis-

161 3603 283 3677 copos
299 3602 376 3652 non
394 3578 628 3652 consiliarios
642 3576 799 3670 tentum,
812 3576 881 3650 sed
892 3576 1043 3673 judiees
1057 3578 1142 3653 vere
1158 3581 1258 3655 Con-

162 3693 249 3769 cilio
263 3692 442 3785 adfuisse,
452 3680 705 3790 oppor'tunum
717 3691 786 3764 crit
797 3689 967 3764 Decreta
978 3691 1042 3764 ills
1054 3690 1258 3768 inscribere

163 3808 239 3884 hoc
257 3806 373 3882 ferme
396 3807 530 3881 modo:
556 3807 725 3880 Decreta
745 3805 909 3879 Consua·
921 3808 1046 3906 primi
1061 3807 1260 3883 Prouinci-

162 3924 237 3999 ulis
253 3922 549 3997 Bultimorensis
569 3921 692 3995 babiti
708 3920 756 3993 ab
774 3919 820 3992 R.
839 3920 885 3993 P.
904 3921 954 3993 D.
973 3920 1118 3996 Jacobo
1142 3923 1258 3998 Wbit-

152 4037 252 4133 field
265 4036 542 4111 Bultimorerssi
566 4035 874 4133 Arcisiepiscopo,
889 4032 969 4107 und
990 4059 1079 4110 cum
1101 4038 1258 4136 llpisce

159 4152 225 4250 pis
242 4149 532 4224 Foederctorum
547 4149 734 4223 aimerice
752 4147 1059 4224 provinciarum.

221 4263 271 4339 D.
290 4263 461 4339 Mnusus
479 4265 601 4339 Casu.
621 4261 1130 4362 CAPPELLAR1‚Praef
1149 4267 1195 4340 P.

558 4380 603 4454 C.
623 4380 889 4473 cisarcen,
906 4380 986 4454 Sec.
