2820 5010
282 1373 480 1466 INDEX
522 1373 594 1465 El
638 1375 799 1467 ORDO
843 1371 1079 1473 RERUM.

136 1834 239 1891 anvs
251 1833 440 1906 Apostolicum
452 1850 507 1904 quo
518 1833 746 1906 Archiepiscopus
757 1832 958 1891 Bnltimorensis
970 1835 1085 1891 Concilii
1096 1852 1162 1908 pre·

171 1920 394 1976 scsconstituitur
446 1959 1160 1978 .................
1213 1922 1232 1979 3

138 2005 244 2062 Litterae
262 2005 413 2061 indictionis
449 2044 1163 2064 .................
1216 2009 1235 2065 5

135 2092 208 2148 Acta
225 2090 340 2147 Concilii
356 2129 1160 2150 ...................
1213 2095 1232 2150 7

137 2177 251 2233 Decreta
269 2176 385 2233 Concilii
403 2215 1162 2236 ..................
1197 2180 1233 2235 43

135 2263 259 2335 Epistola
270 2263 381 2319 Petrum
392 2263 425 2319 ad
438 2263 587 2318 Summum
599 2260 757 2317 Pontificem
799 2301 1162 2321 .........
1196 2265 1232 2321 53
1345 2332 1347 2337 ,

138 2348 284 2404 Decretum
296 2366 344 2419 pro
355 2347 452 2420 synodi
463 2346 664 2402 confirmatione
711 2386 1161 2405 ...........
1196 2350 1233 2406 56
1325 2352 1327 2357 ’

138 2433 285 2489 Decretum
298 2450 353 2502 quo
365 2442 520 2504 prorogatur
536 2429 650 2487 facultas
662 2428 766 2485 adultos
777 2431 872 2487 eadem
890 2449 921 2487 ac
933 2432 1061 2504 parvulos
1078 2433 1164 2490 forme

171 2517 324 2589 baptizandi
360 2553 1162 2574 ...................
1198 2518 1233 2573 57

138 2602 278 2657 Indultum
288 2602 321 2657 de
333 2601 415 2657 sacris
426 2599 562 2657 ordinibus
574 2599 651 2655 titulo
662 2597 796 2654 missionis
808 2600 973 2657 conserendis
1023 2644 1030 2658 .
1067 2644 1074 2658 .
1111 2642 1118 2657 .
1155 2643 1162 2657 .
1197 2603 1233 2658 58

138 2686 278 2743 Indultum
297 2687 331 2743 de
349 2686 510 2742 instituenda
527 2684 664 2740 sodalitate
678 2700 790 2755 precum
807 2701 855 2757 pro
869 2687 1043 2742 conversione
1057 2686 1164 2742 acatho

172 2772 286 2828 licorum
316 2809 1163 2827 ....................
1198 2772 1234 2828 59

139 2858 262 2931 Epistola
280 2856 345 2912 Erni
362 2856 483 2913 Praefecti
500 2855 635 2926 Congreg.
647 2855 681 2910 dc
698 2854 813 2927 Propag.
826 2855 904 2922 Fide,
916 2856 949 2911 de
966 2857 1099 2927 episcopis
1116 2874 1165 2928 per

174 2940 292 2998 subsidia
303 2959 337 2997 ex
349 2941 463 3013 propriis
474 2939 633 2995 dioecesibus
640 2940 780 3012 juvandis,
793 2951 820 2996 et
836 2940 869 2995 de
881 2940 1038 3012 presbyteris
1050 2942 1163 2998 Ordines

174 3026 307 3099 regulares
319 3024 524 3097 ingredientibus
580 3064 1163 3081 ..............
1198 3025 1230 3081 61

138 3112 231 3170 Altera
242 3112 363 3184 ejusdem
375 3110 498 3183 Epistola
508 3111 542 3165 de
550 3126 683 3166 noverum
694 3110 808 3165 Sediurn
819 3110 1024 3183 Episcopolium
1035 3113 1166 3168 erectione
1200 3111 1236 3167 63
