2820 5010
582 356 810 409 rnsnsmuu.
1203 341 1251 411 55

153 558 283 608 sumus
310 533 577 625 fortitudinem,
603 532 900 631 sapientiamque
930 557 1005 630 qua
1032 532 1250 609 Ecclesiam

154 647 220 722 tibi
245 648 486 723 commissam
512 647 780 742 moderabaris,
796 649 974 746 clareque
1000 648 1149 724 innotis
1175 650 1249 725 tuis

153 763 411 861 perspeximus
429 763 554 837 lucem
571 786 595 835 a
610 761 777 836 Domino
794 762 1030 860 promissam,
1040 788 1116 837 non
1133 765 1248 838 modo

154 902 232 951 non
256 876 435 970 imminui,
458 878 527 951 sed
552 901 621 975 pro
646 888 857 973 temporum
881 876 1100 952 difficultate
1130 879 1250 977 magis

154 991 350 1089 magisque
368 991 645 1088 splendescere.
700 991 885 1072 Quamvis
911 991 1010 1065 enim
1027 991 1192 1090 plurimis
1211 1005 1250 1068 et

152 1105 346 1180 immensis
373 1130 479 1180 esses
503 1105 777 1180 calamitatibus
805 1129 971 1203 pressus,
993 1108 1146 1180 verbum
1170 1106 1249 1181 Do-

153 1220 243 1294 mini
269 1243 346 1294 non
366 1220 435 1294 fuit
451 1219 657 1317 alligatum,
674 1220 742 1294 sed
761 1244 784 1292 a
800 1219 906 1293 Petri
922 1218 1104 1294 cathedra
1121 1245 1252 1317 proce-

155 1336 266 1429 dens,
293 1335 418 1410 lumen
443 1333 622 1426 veritatiS,
655 1333 880 1430 pietatisque
903 1333 1087 1407 fervorem
1115 1335 1253 1431 ubique

154 1449 312 1543 diffudit,
329 1448 448 1522 simile
474 1446 564 1521 solis
591 1447 709 1540 radio,
726 1458 767 1521 ut
792 1446 844 1521 ait
870 1446 911 1519 S.
939 1447 1250 1545 chrysostomus,

153 1563 217 1638 oui
234 1562 383 1637 vincula
399 1561 537 1660 conjici
554 1571 757 1657 nequeunt.

203 1677 308 1752 Inter
341 1676 500 1775 plurima
533 1688 658 1750 autem
689 1686 781 1750 tunc
811 1699 835 1748 a
861 1686 900 1749 te
929 1676 1109 1774 praeclare
1140 1688 1248 1774 gesta
1364 1696 1371 1703 ·

154 1791 334 1890 peculiari
359 1790 497 1864 affectu
522 1789 559 1862 in
577 1800 742 1864 mentem
768 1813 1003 1883 revocamus,
1018 1801 1057 1863 te
1074 1789 1249 1886 perieulis

154 1905 288 2002 quibus
313 1904 394 2002 ipse
419 1902 649 2001 premebaris
674 1927 751 1976 non
776 1902 892 1976 fuisse
916 1902 1134 2000 impeditum
1160 1904 1249 2000 quin

153 2018 203 2091 ad
220 2018 402 2091 illustrem
419 2016 614 2090 Hiberniae
630 2015 847 2090 Ecclesiam
865 2040 889 2088 a
905 2016 1070 2113 scopulis
1097 2016 1134 2090 in
1152 2043 1248 2114 quos

154 2131 294 2230 impelli
327 2131 522 2205 videbatur
552 2129 794 2227 eripiendam,
821 2128 986 2202 animum
1019 2129 1246 2206 intenderes.

154 2246 220 2340 Et,
238 2246 270 2319 si
293 2246 463 2343 laqueuS,
484 2269 596 2341 quem
624 2243 813 2317 Ecclesiae
838 2242 968 2317 hostes
994 2245 1249 2319 extendebant

154 2361 336 2435 contritus
365 2372 435 2453 est,
457 2371 495 2432 et
521 2358 652 2431 fideles
683 2357 840 2451 liberati,
864 2358 903 2432 id
930 2358 1007 2451 tibi,
1031 2359 1247 2434 beatissime
1348 2432 1350 2436 .

154 2474 283 2567 Pater,
310 2485 349 2547 et
383 2471 612 2546 venerationi
642 2494 733 2568 erga
768 2472 911 2545 Sedem
942 2484 1057 2565 tuam,
1084 2498 1196 2570 quam
1223 2497 1248 2546 a

153 2588 355 2687 majoribus
382 2586 604 2677 didicerunt,
622 2584 773 2656 omnino
800 2585 1037 2660 tribuendum
1063 2586 1244 2661 novimus

203 2703 292 2778 Non
309 2703 391 2776 leve
409 2714 549 2793 autem,
566 2711 623 2773 tot
648 2699 744 2772 iuter
769 2699 954 2795 ploranda
971 2701 1090 2775 aetatis
1108 2713 1248 2776 nostrae

153 2817 264 2910 mala,
294 2816 428 2889 exinde
458 2814 628 2887 solamen
659 2812 858 2905 derivatur,
883 2814 997 2909 quod,
1024 2839 1098 2910 quo
1127 2817 1246 2914 magis

153 2930 319 3027 pericula
343 2929 535 3004 imminere
553 2927 736 3020 videntur,
754 2952 800 3001 eo
817 2926 957 3001 arctius
975 2928 1248 3004 contrahuntur

152 3045 302 3118 vincula
318 3069 402 3140 quae
418 3042 549 3116 fideles
567 3040 704 3137 ubique
723 3040 877 3114 diffusos
895 3066 982 3115 cum
1002 3042 1106 3117 Sede
1124 3044 1248 3141 Apos-

152 3159 269 3232 toliea
285 3158 529 3255 conjungunt,
546 3180 668 3251 eoque
686 3154 888 3229 ferventius
914 3154 1101 3230 Ecclesiae
1117 3157 1182 3231 filii
1198 3159 1247 3232 ad

152 3272 296 3346 Sedem
321 3270 584 3369 Apostolieam
610 3268 850 3360 conveniunt,
875 3280 914 3341 et
939 3269 1052 3342 veluti
1085 3269 1247 3345 infantes

153 3410 239 3459 sese
265 3386 301 3458 in
320 3383 501 3483 gremium
528 3383 656 3456 matris
675 3382 893 3478 conjiciunt,
909 3407 934 3455 a
958 3408 1033 3479 qua
1058 3383 1182 3460 cibum
1209 3398 1249 3461 et

152 3512 322 3574 tutamen
346 3508 559 3594 expectant.
640 3568 643 3573 .

203 3612 283 3694 Qui
316 3635 403 3685 cum
431 3609 639 3685 animorum
673 3621 887 3683 nostrorum
922 3633 1056 3684 sensus
1087 3611 1173 3707 sint,
1200 3640 1247 3689 ex

152 3726 270 3802 corde
296 3724 468 3822 cupimus
486 3748 571 3797 eam
597 3722 858 3797 Ecclesiarum
884 3734 1097 3798 nostrarum
1123 3729 1250 3824 praeci·

153 3863 266 3939 puam
292 3837 442 3911 laudem
468 3836 562 3930 fore,
577 3852 619 3910 ut
646 3835 790 3909 Sedem
816 3836 1081 3933 Apostolicam
1101 3862 1249 3914 summa

153 3977 304 4051 semper
333 3963 372 4025 et
401 3950 580 4049 peculiari
609 3949 819 4024 reverentia
842 3948 983 4043 colant,
1008 3950 1247 4051 diligantque.

152 4067 216 4142 Ad
242 4066 358 4164 pedes
384 4076 470 4138 tuos
496 4062 641 4137 interea
665 4061 862 4159 provoluti,
878 4073 920 4137 ut
944 4063 1065 4156 nobis,
1082 4078 1120 4138 et
1146 4068 1249 4144 clero

152 4182 367 4281 populoque
394 4203 494 4252 curae
519 4188 659 4252 nostrae
684 4174 888 4250 commisso
915 4176 1122 4254 benedicas
1140 4182 1249 4259 enixe

155 4319 362 4395 precamur.

202 4406 410 4499 Baltimori,
428 4404 488 4479 die
509 4408 554 4477 19
571 4402 665 4478 Maii
686 4408 790 4478 1852.
