2820 5010
415 161 435 190 Ν,
549 112 800 163 rnormcrsnn
828 113 876 163 vr.
1184 95 1254 167 251

148 287 369 388 ,splendore
401 286 575 363 enituerit
600 288 704 363 Cleri
729 287 955 383 sollicitudo,
980 300 1094 387 atque
1118 290 1260 390 Religi-
1306 346 1309 351 ,

165 425 234 475 osa
258 401 421 477 virorum
439 414 478 476 et
493 401 690 477 mulierum
711 401 881 477 instituta
904 403 1099 503 tantopere
1126 404 1259 480 florue

165 516 247 591 rint.

212 630 267 704 Ut
282 630 322 705 hi
337 622 481 705 fructus
499 630 668 705 laborum
686 655 782 728 quos
807 629 985 705 unicum
1010 631 1155 708 dilectis
1173 633 1259 707 utri·

162 767 282 842 usque
299 731 391 819 cleri
413 743 650 842 Presbyteris
675 743 862 819 indefesse
881 744 1072 819 sustinetis
1098 746 1257 843 copiosi-

165 881 252 932 ores
270 858 357 955 siut,
373 869 487 956 atque
504 870 545 933 ut
563 858 755 957 plenitudo
777 857 978 956 gratiarum
996 859 1205 933 coelestium
1221 860 1259 934 in

164 997 297 1047 omnes
315 974 502 1048 dioeceses
520 972 719 1066 derivetur,
736 973 872 1047 Patres
891 972 1052 1048 Concilii
1076 973 1258 1071 optimum

163 1086 360 1162 consilium
385 1086 523 1161 inivere
547 1086 770 1185 implorandi
794 1086 1022 1184 peculiarem
1048 1088 1259 1184 potentissi-

162 1224 264 1274 mam
283 1201 423 1276 SSffiae
444 1200 520 1275 Dei
537 1200 739 1276 Genitricis
761 1225 872 1297 opem
889 1223 936 1275 ac
957 1201 1126 1294 tutelam,
1143 1213 1257 1299 atque

163 1315 316 1389 SSfitus
349 1314 459 1389 Dnus
488 1315 630 1390 Noster
655 1309 754 1388 Pius
781 1314 861 1388 PP.
887 1312 948 1387 IX
982 1314 1207 1390 electionem
1237 1316 1258 1389 d

163 1429 338 1506 Concilio
366 1430 508 1506 factam
538 1430 708 1530 ejusdem
738 1429 847 1504 Bffiae
871 1427 1033 1528 Virginis
1063 1429 1145 1503 sine
1171 1430 1256 1505 labe

162 1543 331 1644 originali
357 1556 555 1642 concepte
576 1543 615 1618 in
635 1542 842 1618 Patronem
868 1543 1057 1618 Americoe
1079 1543 1258 1618 Foedera-

160 1670 212 1734 tae
245 1659 423 1735 Statuum
456 1657 696 1741 libentissimi
737 1657 980 1734 confirmavit.
1049 1658 1255 1756 Adjectum

161 1774 322 1851 habetur
351 1777 400 1851 de
430 1775 475 1850 ei
503 1799 544 1850 re
575 1774 771 1850 decretum
796 1773 817 1847 i
846 1773 977 1849 ssffio
1002 1773 1092 1849 Duo
1122 1797 1254 1872 appro-

162 1890 303 1965 batum.

212 2002 400 2079 Libellum
417 2002 714 2102 supplicemque
731 2003 930 2100 petebatur
942 2013 984 2077 ut
1001 2000 1204 2101 Episcopis
1217 2002 1256 2077 in
1301 2097 1303 2102 .

162 2128 357 2215 posterum
374 2114 638 2215 promovendis
650 2114 782 2189 liceret
792 2115 1048 2213 juramentum
1059 2117 1170 2214 juxta
1185 2116 1257 2191 for-

162 2233 302 2306 mulam
326 2230 536 2306 itOoncilio
561 2228 793 2328 propositam
819 2228 1001 2322 emittere,
1019 2230 1061 2304 S.
1089 2229 1257 2330 Congre-

161 2344 264 2443 gatio
289 2343 429 2418 abente
456 2341 718 2436 consideravit,
742 2354 781 2416 et
807 2343 957 2417 SSffius
983 2341 1093 2418 Dnus
1113 2343 1257 2419 Noster

163 2458 338 2532 eamdem
354 2458 552 2531 formulam
568 2455 727 2555 benigne
745 2458 972 2555 approbans,
987 2459 1034 2532 ab
1052 2456 1255 2557 Episcopis

161 2572 211 2702 nd
241 2571 366 2701 §edes
390 2571 580 2646 Americae
604 2570 819 2646 Foederatae
836 2570 1098 2670 promovendis
1116 2571 1256 2687 seruari

157 2697 444 2899 Ju'asjectis
456 2799 620 2899 pluribus
633 2798 752 2874 ssm
762 2798 839 2872 nn
848 2798 981 2873 nostri
991 2798 1121 2873 utteris
1134 2799 1257 2898 Apos-

130 2990 131 2993 ,
161 2915 285 2995 tolicis
310 2913 523 3014 intelligetis
550 2912 802 2989 Sanctitatem
828 2912 948 2986 Suam
977 2936 1157 2987 novarum
1189 2915 1258 2989 Se

163 3029 266 3105 dium
287 3028 590 3128 Episcopalium*
606 3025 788 3103 erectioni
812 3026 953 3101 ivobis
979 3027 1183 3125 propositae
1200 3052 1257 3103 as-

198 3227 330 3299 'Nempe
341 3226 456 3300 dlboeip,
468 3226 575 3301 Buffolo
587 3236 613 3282 et
629 3224 774 3283 Obndotd.
798 3224 966 3280 Albanensis
974 3225 1110 3280 Dioecesis
1120 3242 1167 3281 eos
1180 3225 1261 3282 habet

162 3311 233 3370 fines
243 3315 261 3369 ὶ
272 3312 461 3384 Septentrione
473 3325 500 3367 et
512 3312 632 3376 Oriente,
640 3312 741 3380 quibus
753 3310 813 3382 ipse
824 3311 919 3365 Status
928 3310 1131 3366 Nori-Eboraci
1143 3311 1259 3367 includi·

163 3407 223 3455 tur:
242 3397 396 3463 {Meridie
408 3397 509 3452 lineam
522 3394 777 3452 habentlatitndinis
786 3396 1010 3466 septentrionalis
1019 3396 1258 3467 quadragesimam

162 3484 331 3552 coeundam
350 3483 479 3551 deniqne,
491 3482 668 3537 Occidentem
686 3484 790 3546 versus,
804 3474 968 3552 perveniunt
987 3497 1075 3550 usque
1091 3482 1126 3537 sd
1144 3482 1258 3541 limitem

163 3567 330 3625 Orientalem
341 3566 531 3622 comitatuum
548 3566 668 3638 Ooyugo,
685 3566 826 3639 ibmplcim
834 3575 861 3619 et
877 3564 969 3638 linga

196 3652 331 3708 Dioecesis
343 3649 451 3724 Bnffolo
462 3651 666 3721 comprehendit
676 3667 787 3706 omnem
797 3650 871 3705 illam
880 3648 973 3705 Status
983 3648 1187 3706 Nori-Eboraci
1196 3669 1257 3724 par-

162 3748 218 3795 tem
229 3754 301 3808 qne,
312 3737 348 3792 ed
365 3736 553 3801 Occidentem,
565 3735 695 3791 limitibus
716 3734 898 3792 Orientalium
920 3734 1111 3791 Comitatuum
1137 3736 1257 3810 Ooyugn,

166 3825 309 3898 ibntpltim
319 3841 352 3880 ac
368 3823 462 3896 Rogo,
475 3833 502 3878 et
513 3823 651 3878 consuetis
661 3823 759 3879 finibus
772 3823 865 3878 Status
874 3822 1066 3877 Neo-Eboraci
1076 3825 1257 3880 constituitur.

196 3909 332 3967 Dioecesis
348 3909 485 3965 Oleoelortd
497 3909 685 3980 complectitur
693 3924 805 3963 omnem
818 3907 893 3962 illam
906 3907 998 3962 Status
1010 3908 1139 3963 Obiensis
1153 3920 1258 3980 partem

162 4014 236 4067 qne,
248 3997 283 4053 ed
294 3982 523 4068 Septentrionem,
533 3996 567 4051 ad
579 3995 657 4050 linee
667 3993 816 4050 latitudinis
828 3993 1052 4065 Septentrionnlis
1065 3994 1181 4066 gradum
1190 4013 1258 4065 qua·

162 4082 359 4154 dragesimam,
371 4091 398 4136 et
410 4079 786 4151 quadragesimum-primum
800 4078 938 4135 minutum
948 4077 1030 4150 jacet.
