2820 5010
155 406 227 477 110
437 426 649 477 concrnrnnr
675 426 963 478 nnnrruonensn

152 601 197 676 lis
215 625 346 676 eornm
367 626 451 698 qnae
468 601 663 696 statuistis,
678 627 748 676 sen
767 602 997 700 postulastis.
1049 602 1195 679 Venim
1211 614 1246 679 et

152 717 336 793 voluimus
356 730 526 792 nostrum
547 742 638 817 erga
654 742 722 793 vos
744 717 1061 793 studiosissimum
1081 719 1246 795 animum

154 831 227 906 hac
251 832 341 906 item
366 831 537 930 Epistola
557 832 762 907 declarare.
815 832 1012 929 Siquidem
1037 858 1086 907 ex
1110 858 1247 908 memo

153 947 234 1019 rati
251 945 423 1043 Synodo,
436 958 549 1043 atque
567 970 614 1020 ex
630 945 676 1020 iis
693 971 778 1043 quae
794 947 844 1020 ad
860 971 931 1021 nos
949 946 1023 1023 hac
1041 948 1245 1022 occasione

152 1059 368 1159 scripsistis,
379 1059 532 1135 mirifice
550 1059 773 1135 confirmata
790 1071 850 1135 est
866 1086 950 1157 qnae
966 1060 1015 1136 de
1032 1074 1164 1136 vestro
1182 1086 1245 1160 pro

153 1176 229 1251 Dei
246 1176 402 1270 honore,
415 1176 696 1273 animarumque
714 1177 835 1251 salute
853 1176 1135 1275 spectatissimo
1154 1178 1245 1271 zelo,

153 1302 192 1364 et
209 1290 386 1390 singulari
411 1314 502 1388 erga
526 1315 766 1365 communem
791 1292 957 1366 omnium
983 1290 1245 1367 Ecclesiarnm

152 1417 311 1479 matrem
336 1429 382 1480 ac
408 1404 625 1504 magistram
651 1404 869 1480 Romanam
895 1405 1039 1480 Sedem
1064 1406 1245 1504 obsequio

152 1519 260 1595 nobis
272 1518 414 1618 jamdiu
428 1519 540 1593 insita
557 1532 639 1593 erat
661 1519 905 1613 existimarim
922 1544 1045 1617 eoque
1063 1520 1150 1619 ipso
1163 1545 1246 1595 auc·

151 1645 230 1708 tam
246 1633 284 1708 in
305 1632 413 1709 nobis
438 1633 624 1709 sensimus
651 1633 848 1709 caritatem
873 1634 986 1727 illam,
1003 1635 1077 1731 qni
1096 1634 1245 1709 Frater-

152 1748 289 1823 nitates
325 1760 469 1823 vestras
503 1746 618 1823 effinse
647 1747 686 1822 in
715 1748 882 1823 Domino
912 1750 1243 1846 prosequebamur.

153 1861 306 1963 Pergite
335 1863 474 1959 itaque,
498 1874 541 1936 ut
568 1861 706 1954 facitis,
730 1862 975 1938 venerabiles
1001 1862 1184 1956 Fratres}
1208 1873 1245 1937 et

153 1976 329 2074 quoniam
340 1976 528 2074 justornm
542 1975 676 2050 semita
689 1976 828 2052 crescit
840 2001 960 2073 usque
973 1977 1024 2051 ad
1037 1977 1245 2075 perfectam

153 2092 265 2184 diem,
282 2103 412 2191 urgete
438 2090 610 2165 alacriori
635 2090 799 2188 quotidie
824 2091 1027 2166 sedulitate
1052 2091 1247 2167 saluberri-

153 2230 253 2279 mam
277 2205 502 2280 talentorum
527 2205 833 2303 negotiationem,
849 2229 934 2304 quae
958 2217 1018 2281 est
1041 2205 1090 2281 de
1108 2206 1246 2281 anima·

151 2320 222 2395 bns
249 2318 402 2394 Christo
427 2318 635 2413 lucrandis3
660 2319 808 2418 vigilate
826 2343 940 2418 super
957 2319 1123 2395 creditas
1141 2319 1246 2396 vobis

153 2433 364 2510 Dominicae
389 2432 506 2508 vinem
530 2444 670 2531 partes,
690 2433 870 2532 plantate,
889 2432 1022 2533 rigate,
1041 2433 1081 2507 in
1106 2458 1176 2532 spe
1200 2457 1246 2511 ac

152 2548 347 2648 patiendi,
371 2547 461 2622 nihil
478 2547 629 2644 quidem
645 2547 778 2621 vestris
795 2546 1001 2621 tribuentes
1015 2545 1167 2643 viribus,
1179 2546 1247 2622 sed

152 2663 279 2738 omnia
303 2661 351 2736 ad
378 2661 473 2760 Ejus
500 2661 655 2760 gloriam
680 2662 900 2755 referentes,
921 2660 984 2758 qui
1007 2673 1187 2758 operatur
1209 2661 1246 2735 in

153 2778 258 2855 vobis
284 2790 324 2852 et
339 2777 433 2851 velle
451 2787 490 2850 et
510 2775 693 2873 perficere
718 2800 786 2873 pro
811 2777 909 2850 boni
934 2775 1136 2850 voluntate.
1187 2776 1248 2850 Ita

153 2893 342 2968 defructu
368 2889 565 2990 pastoralis
583 2914 685 2964 curae
703 2890 742 2964 in
767 2891 967 2966 multorum
985 2890 1147 2964 salutem
1172 2914 1247 2965 am·

153 3007 317 3104 plificato
343 3004 565 3105 gaudebitis,
582 3028 627 3078 ac
654 3005 839 3101 perbona
863 3028 981 3102 opera
1005 3016 1150 3079 certam
1168 3029 1247 3080 ves·

152 3133 248 3196 tram
262 3120 498 3196 vocationem
517 3130 555 3192 et
572 3117 795 3192 electionem
812 3117 1009 3212 facientes,
1021 3117 1246 3193 uberrimam

153 3235 347 3334 accipietis
377 3235 415 3309 in
440 3232 648 3310 aeternitate
678 3233 904 3307 mercedem.
957 3233 1020 3306 Ad
1048 3257 1119 3306 nos
1145 3232 1246 3332 quod

153 3350 299 3442 attinet,
327 3373 549 3448 persuasum
580 3346 771 3441 habetote,
799 3345 1044 3422 Venerabiles
1077 3344 1247 3440 Fratres,

154 3464 415 3539 auctoritatem
451 3474 490 3535 et
520 3459 644 3534 studia
676 3471 807 3534 nostra
836 3459 1246 3558 nunquam,quant1im

153 3603 241 3653 cum
275 3576 442 3652 Domino
472 3573 690 3672 poterimus,
719 3599 805 3649 esse
835 3574 939 3648 vobis
975 3573 1165 3650 defutura:
1199 3598 1246 3649 ac

153 3690 466 3768 Fraternitatibus
496 3689 628 3764 vestris
655 3714 790 3763 novam
819 3712 970 3787 semper
998 3688 1172 3763 virtutem
1198 3713 1245 3765 cx

153 3811 230 3883 alto
247 3806 502 3904 implorantes,
512 3805 645 3903 pignus
664 3816 802 3880 nostrae
815 3804 1013 3902 praecipuae
1025 3804 1247 3879 benevolen-

153 3924 215 3999 tie
232 3920 494 4019 Apostolicam
516 3918 831 4012 benedictionem,
847 3944 935 3994 cum
959 3917 1112 3993 creditis
1134 3917 1246 3992 etiam

154 4038 242 4113 fidei
259 4048 392 4112 vestra
405 4035 534 4110 ovibus
552 4034 918 4128 communicandam,
934 4043 1173 4131 peramanter
1183 4032 1247 4107 im·

153 4152 340 4252 partimur.

202 4269 346 4344 Datum
373 4266 511 4342 Romae
540 4265 640 4363 apud
670 4265 711 4338 S.
741 4265 911 4358 Petrum,
936 4263 997 4338 die
1025 4266 1076 4336 23
1106 4260 1245 4360 Aprilis

153 4408 253 4459 anno
272 4384 381 4475 1834,
397 4378 647 4455 Pontificatbs
664 4378 783 4453 nostri
800 4403 900 4454 anno
916 4388 1062 4473 quarto.
