2820 5010
538 427 793 480 raovrucrrmr
819 429 868 479 rr.
1157 408 1229 478 199

135 604 233 679 illum
247 628 297 680 ex
312 603 564 703 Coepiscopis
578 604 656 679 suis
670 602 922 698 Americanis,
934 628 1046 701 quem
1059 603 1180 703 magis
1197 604 1235 678 in

135 717 301 793 Domino
328 717 507 816 expedire
531 717 797 817 judicaverint,
823 716 1065 792 constituent.
1117 718 1234 794 Hunc

135 846 261 908 autern
285 831 317 906 si
339 831 435 907 sorte
454 856 503 906 ex
519 831 610 906 viris
635 832 837 923 excedere,
846 831 1042 926 acciderit,
1057 832 1171 907 alium
1188 857 1236 907 ex

135 946 268 1022 iisdem
281 945 533 1045 Coepiscopis
550 946 590 1020 in
602 947 739 1021 eodem
753 957 983 1021 testamento
997 947 1238 1042 substituant,

135 1072 249 1159 atquo
266 1061 350 1160 ejus
366 1060 455 1135 loco
472 1060 654 1135 heredem
670 1071 901 1158 nuncupent.

180 1180 216 1250 2.
244 1175 498 1251 Testamento
523 1176 635 1276 igitur
658 1176 799 1275 duplici
823 1188 862 1250 et
886 1174 991 1274 aequd
1017 1176 1236 1252 authentico

135 1290 388 1390 chirographo
405 1301 577 1385 exarato,
592 1289 753 1365 alterum
770 1314 818 1365 ex
835 1290 1110 1389 exemplaribus
1128 1290 1239 1389 Epis-

135 1405 222 1504 copi
239 1429 374 1481 omnes
391 1405 442 1479 ad
467 1405 785 1481 Baltimorensem
803 1405 1159 1505 Archiepiscopum,
1175 1406 1237 1483 hic

135 1518 222 1595 vero
245 1519 296 1595 ad
320 1519 509 1595 seniorem
534 1519 785 1619 Episcopum,
808 1521 895 1596 loco
918 1532 1001 1595 tuto
1025 1522 1239 1598 custodien-

135 1634 227 1709 dum
243 1633 386 1727 mittat3
412 1635 573 1709 alterum
590 1633 677 1709 verd
697 1646 859 1709 testator
880 1634 962 1734 ipse
987 1660 1104 1733 penes
1122 1661 1165 1710 se
1183 1661 1240 1710 as-

135 1747 310 1824 servabit
361 1747 569 1823 Moneatur
581 1748 922 1824 etiamitestatore
935 1748 1166 1848 Episcopus,
1176 1751 1240 1848 qui

136 1861 249 1939 beros
273 1862 502 1939 constitutus
523 1863 649 1958 fuerit,
671 1887 738 1962 per
761 1864 907 1939 litteras
930 1889 1025 1962 quas
1050 1865 1239 1964 perlectas

136 1979 349 2074 comburet,
365 2003 414 2054 eo
439 1978 586 2054 tantum
607 1979 683 2054 fine
707 2004 750 2054 se
775 1980 956 2055 heredem
981 1994 1240 2080 nuncupatum

136 2090 269 2185 sitisse,
280 2105 322 2168 ut
338 2094 441 2169 bona
452 2093 581 2168 omnia
597 2093 862 2168 ecclesiastica
874 2094 1050 2171 dioecesis
1067 2095 1240 2196 religiose

136 2206 414 2300 custodiantur,
438 2207 564 2283 donec
589 2206 611 2280 i
638 2206 681 2280 S.
708 2207 815 2282 Sede
840 2232 1045 2285 successor
1069 2211 1241 2310 eligatur,

137 2320 264 2421 illique
281 2334 373 2398 tunc
390 2321 553 2397 fideliter
569 2333 609 2396 et
625 2321 787 2422 legitime
805 2325 1114 2400 transmittantur.

187 2440 223 2511 3.
250 2435 457 2511 Testatore
470 2436 544 2510 virt
555 2436 701 2530 functo,
712 2436 825 2512 heres
842 2438 1004 2513 maxims
1016 2441 1088 2537 qub
1103 2440 1243 2538 poterit

139 2552 243 2645 curi,
258 2552 445 2625 bonorum
462 2550 642 2646 omnium,
658 2563 738 2626 tum
755 2551 961 2647 mobilium,
975 2564 1056 2628 tum
1077 2553 1243 2628 immobi-

140 2665 231 2740 lium
244 2664 524 2740 conservationi
540 2664 757 2763 prospiciet,
769 2677 884 2765 atque
896 2667 994 2742 inter
1008 2668 1243 2744 Sacerdotes

140 2779 319 2855 dioeccsis
345 2777 514 2855 defuncti
543 2779 729 2879 Episcopi
757 2782 967 2858 ministrum
995 2782 1174 2858 idoneum
1204 2794 1244 2857 et

141 2893 294 2969 fidelem
317 2893 445 2993 eligat,
461 2893 524 2969 cui
549 2918 616 2993 per
641 2896 915 2992 procurationis
939 2898 1160 2972 mandatum
1180 2898 1245 2978 ,ad-

141 3007 455 3085 ministrationem
479 3010 665 3083 bonorum
690 3011 913 3105 committet,
937 3012 983 3085 eb
1006 3022 1135 3085 tamen
1160 3011 1244 3110 lege

143 3134 184 3197 ut
200 3121 400 3217 rationem,
413 3121 500 3198 clun
517 3148 614 3221 opus
632 3121 756 3216 suerit,
772 3122 932 3198 fideliter
949 3125 1093 3199 reddat.

190 3239 227 3311 4
247 3236 386 3311 Statim
400 3260 446 3311 ac
461 3235 645 3335 Episcopi
656 3236 825 3312 defuncti
838 3263 1040 3313 successor
1051 3239 1072 3312 i
1083 3238 1125 3312 S.
1139 3238 1245 3314 Sede

144 3350 193 3425 de
222 3375 330 3426 more
359 3351 506 3426 electus
536 3350 659 3445 suerit,
686 3362 801 3448 atque
830 3352 973 3426 litteras
999 3353 1245 3450 Apostolicas

144 3464 341 3541 electionis
366 3466 572 3564 acceperit,
594 3465 812 3564 Episcopus
837 3466 901 3565 qui
925 3467 1139 3543 decessoris
1163 3469 1245 3566 ejus

144 3577 256 3654 lieres
283 3603 349 3678 per
365 3590 635 3654 testamentum
656 3580 884 3655 constitutus
910 3582 1045 3676 suerat,
1061 3581 1246 3656 heredita-

144 3705 223 3768 tem
240 3693 452 3768 universam
470 3693 520 3768 illi
540 3693 797 3769 instrumentis
817 3695 928 3794 juxta
944 3696 1103 3770 sormam
1121 3696 1141 3770 a
1159 3697 1247 3796 legi·

145 3808 215 3883 bus
234 3807 403 3884 civilibus
425 3808 681 3908 praecriptam
700 3809 850 3884 omnind
867 3812 1011 3903 tradct3
1035 3824 1149 3910 atque
1167 3813 1246 3887 sive

145 3946 213 4020 per
230 3947 287 4017 se,
303 3922 382 3998 sive
399 3949 468 4022 per
484 3936 780 4022 procuratorem,
793 3925 855 4000 cui
871 3927 1055 4000 bonorum
1074 3927 1248 4002 adminis-

145 4037 348 4113 trationem
365 4039 619 4132 commiserat,
635 4039 820 4114 rationem
837 4041 997 4115 reddere
1015 4042 1171 4116 curabit.

196 4159 230 4227 5.
259 4152 435 4250 Siquam
452 4165 580 4228 autem
598 4154 878 4253 Episcoporum
893 4156 1166 4255 Coadjutorem
1185 4158 1248 4231 ha·

150 4266 239 4341 bere
256 4267 471 4367 contigerit,
488 4268 589 4344 hunc
608 4294 674 4368 per
697 4281 967 4345 testamentum
993 4270 1172 4347 heredem
1197 4271 1250 4347 in·

151 4380 289 4456 stituet
