2820 5010
581 350 812 406 russanum.

541 657 869 751 EPISTULA

202 905 356 955 PATRUM
374 904 544 955 conciet}
566 903 643 952 UNA
661 903 742 953 CUM
762 904 948 954 nncnnrls
965 905 1016 955 An
1036 905 1201 955 suuntur!

514 1018 744 1067 cowll-“lcum
769 1018 888 1068 Mtssn.

153 1188 390 1263 Basrrssme
417 1188 565 1282 Psrnn,
808 1136 833 1189 ἱ

234 1315 273 1389 Χ
307 1326 424 1389 vastae
457 1314 568 1411 hujus
602 1315 765 1414 regionis
801 1312 995 1412 disjunctis
1029 1315 1163 1414 plagis,
1196 1317 1252 1392 ad

269 1430 481 1505 Concilium
505 1430 723 1504 Plenarium
740 1429 955 1504 habendum
973 1431 1255 1525 convenientes,

156 1544 204 1617 ab
233 1543 317 1642 ipso
343 1544 462 1642 primo
493 1556 686 1617 momento
710 1544 759 1617 ad
789 1557 841 1637 tc,
869 1543 1095 1618 Beatissimo
1125 1544 1256 1640 Pater,

155 1657 291 1731 mentis
304 1658 437 1731 oculos
449 1657 713 1731 convertimus
754 1657 799 1730 Si
809 1657 908 1731 enim
920 1657 1114 1732 Christum
1126 1657 1256 1732 Domi-

155 1793 245 1844 num
264 1770 593 1846 deliberationibus
611 1770 750 1843 nostris
772 1795 937 1867 praeesse
955 1772 1125 1865 velimus,
1142 1797 1254 1869 quem

156 1882 269 1957 alium
305 1885 442 1958 ducem
485 1884 624 1957 habere
659 1909 873 1982 possemus,
907 1909 1019 1982 quam
1053 1885 1157 1959 illum
1191 1885 1254 1960 cui

158 1996 335 2072 Salvator
359 1998 454 2096 ipse,
471 1998 595 2073 ovium
614 1998 724 2073 simul
742 2010 780 2071 et
805 2023 989 2096 agnorum
1007 2023 1137 2073 curam
1155 2024 1257 2074 com-

157 2110 269 2203 misit,
283 2123 322 2185 et
339 2135 451 2208 quem
469 2113 518 2186 ad
536 2111 671 2186 fratres
690 2111 968 2186 confirmandos
987 2138 1065 2210 prae
1082 2114 1255 2189 omnibus

160 2224 299 2323 elegit?

209 2339 369 2413 Gratum
382 2342 514 2437 procul
533 2339 646 2415 dubio
661 2352 818 2438 paterno
833 2340 939 2415 cordi
952 2352 1018 2415 tuo
1033 2341 1115 2436 crit,
1127 2343 1256 2419 audire

161 2462 304 2549 quanta
328 2456 366 2528 in
392 2456 464 2529 bac
491 2468 597 2552 parte
616 2454 745 2547 vineae,
762 2457 811 2531 ad
838 2456 997 2531 nominis
1016 2457 1074 2530 sui
1100 2458 1256 2555 gloriam
1312 2447 1314 2451 ’

159 2570 456 2665 promovendam
482 2570 572 2669 ngat
604 2570 724 2644 Deus.
777 2571 916 2645 Veram
953 2571 1064 2645 fidem
1092 2572 1256 2669 undique

133 2684 391 2777 annuntiari,
418 2684 646 2758 oblationem
672 2684 850 2758 mundam
870 2685 1007 2783 ubique
1025 2685 1170 2779 oll'erri3
1195 2687 1259 2761 ubi

160 2810 248 2873 ante
265 2798 409 2895 aliquot
425 2823 545 2872 annos
571 2796 646 2872 Dei
671 2823 810 2871 nomen
836 2798 984 2896 penitus
1009 2800 1191 2897 ignotum,
1207 2801 1257 2876 ibi

160 2936 260 2988 nunc
290 2912 393 2987 illum
419 2913 456 2986 in
487 2912 618 3010 spiritu
644 2924 683 2985 et
712 2912 868 2986 veritate
898 2912 1047 2987 adorari
1077 2914 1256 2989 laetamur.

160 3025 205 3099 In
222 3026 296 3102 bac
313 3026 397 3125 ipsa
414 3025 712 3125 Metropolitana
729 3028 834 3120 urbe,
847 3026 884 3099 in
903 3051 990 3122 qua,
1007 3028 1103 3101 infra
1119 3053 1259 3103 momo-

159 3138 252 3215 riam
270 3182 272 3187 .
293 3141 419 3216 adbuc
459 3141 545 3215 luce
585 3141 799 3233 fruentium,
839 3142 1020 3215 sacerdos
1063 3142 1111 3215 de
1145 3142 1258 3242 longe

161 3254 313 3330 veniens
330 3256 505 3355 pusillum
523 3280 676 3355 gregem
701 3280 787 3329 raro
805 3279 872 3353 per
897 3280 1036 3330 annum
1054 3258 1260 3353 solabatur,

161 3369 344 3444 ecclesias
369 3396 471 3445 nunc
497 3372 623 3469 plures
649 3394 696 3445 ac
730 3370 1066 3467 frequentissimas
1090 3372 1261 3448 instituta

161 3481 224 3580 pia
256 3507 333 3557 non
363 3507 487 3582 pauca
517 3484 721 3558 florescere
751 3484 951 3558 cernimus.
1003 3484 1088 3560 Nec
1122 3486 1160 3560 in
1188 3487 1261 3562 ista

163 3596 313 3672 civitate
338 3598 614 3692 tantummodo,
639 3598 708 3671 sed
733 3597 871 3694 ubique
906 3598 1095 3673 laboribus
1122 3602 1260 3675 nostris

163 3711 370 3785 uberrimos
404 3713 549 3786 fructus
584 3712 800 3787 concedere
835 3712 1010 3810 dignatus
1045 3727 1105 3789 est
1139 3716 1258 3790 Deus

161 3824 352 3900 Infantula
384 3825 565 3900 Ecclesia
597 3825 695 3900 intra
727 3826 836 3901 nnius
871 3826 955 3901 vitae
987 3829 1149 3926 spatium
1183 3831 1260 3904 talc

161 3941 435 4015 incrementum
460 3939 622 4038 accepit,
638 3952 679 4015 ut
705 3965 817 4014 exea
841 3942 980 4016 nedum
1006 3942 1044 4015 in
1062 3943 1261 4039 dioeceses,

164 4055 233 4130 sed
252 4066 290 4129 et
315 4055 353 4128 in
379 4054 591 4153 provincias
610 4055 740 4148 divisa,
757 4080 825 4129 sex
843 4055 1134 4156 Arcbiepiscopi
1151 4083 1197 4134 ac
1216 4061 1264 4134 vi-

164 4168 256 4268 ginti
274 4194 342 4244 sex
367 4169 551 4267 Episcopi
576 4170 625 4246 ad
652 4169 866 4245 Concilium
885 4171 1155 4248 celebrandum
1174 4199 1263 4251 con-

165 4308 384 4359 venerimus.
