2820 5010
44 412 48 419 ·
153 382 202 450 60
436 401 645 454 οοκοιιιυκ
674 402 961 454 aanrtuoaaxsr

204 577 281 652 SS.
299 576 521 653 Ponrrncrs
535 579 856 677 approbationem,
868 591 908 655 et
925 577 1248 655 confirmationem

156 690 317 767 Concilii
331 692 614 769 Baltimorensis
628 693 894 786 Decretorum‚
906 718 1070 792 sequens
1084 693 1249 769 ostendit

155 806 410 905 Rescriptum.

485 1073 579 1084 „ow-..n
584 1071 916 1088 ,mammaemamw-*3

552 1314 846 1412 lllsltlt

168 1543 197 1592 S.
216 1542 544 1592 conousenrwms
563 1541 612 1592 DE
631 1541 880 1592 PROPAGANDA
902 1540 989 1592 rma
1008 1541 1058 1593 AD
1078 1542 1231 1593 nacula·

429 1656 616 1707 PISGOPUM
635 1655 965 1706 nntrlntoususau.

202 1821 324 1900 Ianira
344 1850 389 1899 nc
407 1816 553 1899 Revirs
571 1824 747 1919 Douma,

231 1952 587 2029 RATISSIMUM
612 1954 702 2028 mihi
726 1967 785 2029 est
807 1954 979 2030 nuntiare
1001 1954 1246 2053 Amplitudini

255 2068 363 2162 Tuae,
375 2092 422 2142 ac
440 2092 507 2166 per
522 2081 561 2142 te
576 2068 712 2142 ceteris
727 2069 915 2144 Americae
933 2069 1245 2167 Septentrionulis

151 2182 367 2282 Episcopis‚
393 2183 605 2257 universum
635 2182 888 2258 Decretorum
918 2184 1067 2283 Synodi
1095 2184 1248 2261 Provin-

151 2297 256 2371 cialis
274 2296 571 2390 Baltimorensis,
585 2321 716 2371 mense
734 2296 897 2372 Octobri
913 2322 1013 2373 anno
1034 2302 1130 2372 1829
1147 2299 1246 2374 habi·

151 2423 213 2506 tae,
229 2410 513 2487 examinationis
533 2410 725 2510 negotium
743 2411 902 2487 feliciter
919 2413 1133 2488 absolutum
1150 2438 1245 2488 esse.

150 2525 190 2600 N
191 2551 241 2602 on
257 2524 370 2601 modb
387 2525 486 2600 enim
505 2525 546 2599 S.
567 2525 836 2624 congregatio,
852 2526 921 2600 sed
939 2539 978 2600 et
994 2527 1076 2626 ipsa
1095 2527 1245 2602 ssmus

151 2640 261 2716 Dnus
291 2638 388 2714 Pius
417 2638 497 2714 PP.
528 2638 627 2713 VIII
657 2663 704 2713 ea
734 2640 889 2713 decreta
918 2640 1100 2739 probavit,
1128 2641 1246 2738 iisque

152 2755 387 2854 Apostolicae
410 2753 642 2830 auctoritatis
668 2756 782 2829 robur
799 2755 950 2853 adjecit,
966 2767 1077 2852 prout
1100 2780 1148 2829 ex
1173 2755 1248 2831 De

151 2883 257 2945 creto
283 2868 341 2943 his
366 2869 497 2943 litteris
521 2867 672 2965 adjecto
696 2869 917 2966 Amplitudo
942 2869 1030 2944 Tua
1054 2869 1246 2969 intelliget

150 2984 344 3060 Nonnulla
361 2984 512 3080 quidem
534 2996 613 3056 tum
640 2982 682 3055 S.
702 2983 971 3082 congregatio,
987 2996 1067 3058 turn
1094 2984 1246 3059 SSmus

152 3099 260 3174 Dnus
286 3098 429 3174 Noster
446 3096 693 3194 Amplitudini
710 3096 807 3171 Tuae
830 3121 906 3195 prae
925 3098 1045 3173 oculis
1071 3099 1248 3197 ponende

152 3238 238 3288 esse
265 3211 500 3303 existimavit,
525 3236 608 3307 quae
634 3211 894 3285 demonstrant
922 3212 1056 3308 quibus
1086 3212 1124 3286 in
1154 3213 1247 3288 locis

151 3340 360 3402 memorate
385 3325 554 3401 Decreta
576 3324 872 3399 immutationem
896 3325 1058 3423 aliquam
1082 3350 1248 3401 merean-

150 3455 219 3516 tur.
272 3442 370 3516 Haec
388 3439 635 3538 Amplitudini
652 3439 749 3514 Tuae
766 3439 999 3514 insinuantur
1020 3439 1059 3515 in
1082 3439 1248 3516 Instruc-

150 3557 266 3649 tione‚
289 3580 374 3652 quea
398 3555 511 3628 etiam
537 3553 594 3626 his
624 3553 755 3627 litteris
782 3554 964 3651 adjicitur.
1016 3552 1247 3629 Persuasum

152 3683 211 3745 est
230 3671 270 3743 S.
291 3666 599 3768 Congregotioni‚
615 3691 661 3741 ac
681 3667 883 3742 Sanctitati
905 3667 1009 3762 Suae,
1025 3669 1248 3767 Amplitudi-

151 3811 238 3860 nem
264 3785 389 3859 Tuam
417 3781 544 3857 libenti
569 3781 693 3855 animo
720 3796 962 3879 exceptorem
987 3808 1074 3857 esse
1100 3809 1185 3881 quae
1210 3785 1247 3859 in

152 3900 357 3976 memorati
377 3896 631 3972 Instructione
648 3896 894 3993 explicantur,
910 3921 957 3972 ac
974 3910 1190 3973 curaturam
1207 3911 1248 3973 ut

151 4017 321 4091 Decreta
333 4014 377 4087 ei
393 4012 536 4086 ratione
554 4012 749 4085 immutata
766 4012 803 4085 in
820 4012 945 4085 lucem
961 4013 1131 4086 edantur.
1175 4011 1249 4086 Fa·

151 4133 313 4207 cultates
339 4128 452 4203 etiarn
478 4152 561 4225 quae
586 4127 624 4201 in
646 4127 805 4226 supplici
831 4127 956 4202 libello
980 4127 1247 4224 Amplitudinis

151 4246 260 4338 Tum,
277 4257 317 4319 et
333 4256 545 4319 ceterorum
571 4241 850 4340 Episcoporum
868 4242 930 4338 qui
953 4241 1113 4339 Synodo
1139 4241 1238 4316 inter—

150 4361 300 4436 fuerunt
323 4357 472 4433 nomine
490 4356 539 4430 ad
564 4355 734 4430 SSmum
758 4356 885 4431 Duum
908 4355 1091 4431 Nostrum
1115 4356 1177 4432 die
1197 4360 1247 4433 24
