<?xml version="1.0" encoding="UTF-8"?>
<!DOCTYPE html PUBLIC "-//W3C//DTD XHTML 1.0 Transitional//EN"
    "http://www.w3.org/TR/xhtml1/DTD/xhtml1-transitional.dtd">
<html xmlns="http://www.w3.org/1999/xhtml" xml:lang="en" lang="en">
 <head>
  <title>
</title>
<meta http-equiv="Content-Type" content="text/html;charset=utf-8" />
  <meta name='ocr-system' content='tesseract 3.04.00' />
  <meta name='ocr-capabilities' content='ocr_page ocr_carea ocr_par ocr_line ocrx_word'/>
</head>
<body>
  <div class='ocr_page' id='page_1' title='image "./conciliaprovinc00mdgoog_0067.png"; bbox 0 0 2820 5010; ppageno 0'>
   <div class='ocr_carea' id='block_1_1' title="bbox 557 400 1254 471">
    <p class='ocr_par' dir='ltr' id='par_1_1' title="bbox 557 400 1254 471">
     <span class='ocr_line' id='line_1_1' title="bbox 557 400 1254 471; baseline 0.007 -6"><span class='ocrx_word' id='word_1_1' title='bbox 557 414 808 467; x_wconf 81' lang='lat' dir='ltr'><strong><em>euovrncmuu</em></strong></span> <span class='ocrx_word' id='word_1_2' title='bbox 834 416 858 469; x_wconf 88' lang='lat' dir='ltr'><strong><em>r.</em></strong></span> <span class='ocrx_word' id='word_1_3' title='bbox 1206 400 1254 471; x_wconf 86' lang='grc'><strong><em>65</em></strong></span> 
     </span>
    </p>
   </div>
   <div class='ocr_carea' id='block_1_2' title="bbox 146 589 1265 4469">
    <p class='ocr_par' dir='ltr' id='par_1_2' title="bbox 146 589 1258 1379">
     <span class='ocr_line' id='line_1_2' title="bbox 146 589 1258 688; baseline 0.005 -26"><span class='ocrx_word' id='word_1_4' title='bbox 146 589 426 688; x_wconf 71' lang='lat' dir='ltr'><strong><em>praemissionis</em></strong></span> <span class='ocrx_word' id='word_1_5' title='bbox 441 591 486 664; x_wconf 93' lang='lat' dir='ltr'><strong><em>in</em></strong></span> <span class='ocrx_word' id='word_1_6' title='bbox 503 591 750 667; x_wconf 88' lang='lat' dir='ltr'><strong><em>ordinatione</em></strong></span> <span class='ocrx_word' id='word_1_7' title='bbox 760 593 923 686; x_wconf 60' lang='lat' dir='ltr'><strong><em>emissem</em></strong></span> <span class='ocrx_word' id='word_1_8' title='bbox 936 596 1059 667; x_wconf 86' lang='lat' dir='ltr'><strong><em>teneri</em></strong></span> <span class='ocrx_word' id='word_1_9' title='bbox 1077 594 1258 669; x_wconf 80' lang='lat' dir='ltr'><strong><em>Sacerdo-</em></strong></span> 
     </span>
     <span class='ocr_line' id='line_1_3' title="bbox 153 704 1256 806; baseline 0.005 -29"><span class='ocrx_word' id='word_1_10' title='bbox 153 715 211 778; x_wconf 83' lang='lat' dir='ltr'><strong><em>tes</em></strong></span> <span class='ocrx_word' id='word_1_11' title='bbox 227 704 282 778; x_wconf 89' lang='lat' dir='ltr'><strong><em>ad</em></strong></span> <span class='ocrx_word' id='word_1_12' title='bbox 297 704 553 778; x_wconf 82' lang='lat' dir='ltr'><strong><em>obediendum</em></strong></span> <span class='ocrx_word' id='word_1_13' title='bbox 569 705 764 805; x_wconf 86' lang='lat' dir='ltr'><strong><em>Episcopo</em></strong></span> <span class='ocrx_word' id='word_1_14' title='bbox 775 708 1023 806; x_wconf 68' lang='lat' dir='ltr'><strong><em>praecipienti</em></strong></span> <span class='ocrx_word' id='word_1_15' title='bbox 1039 719 1083 782; x_wconf 94' lang='lat' dir='ltr'><strong><em>ut</em></strong></span> <span class='ocrx_word' id='word_1_16' title='bbox 1101 710 1256 783; x_wconf 76' lang='lat' dir='ltr'><strong><em>cuilibet</em></strong></span> 
     </span>
     <span class='ocr_line' id='line_1_4' title="bbox 153 818 1257 903; baseline 0.006 -10"><span class='ocrx_word' id='word_1_17' title='bbox 153 818 342 894; x_wconf 80' lang='lat' dir='ltr'><strong><em>Missioui</em></strong></span> <span class='ocrx_word' id='word_1_18' title='bbox 366 821 473 893; x_wconf 90' lang='lat' dir='ltr'><strong><em>intro</em></strong></span> <span class='ocrx_word' id='word_1_19' title='bbox 497 820 703 893; x_wconf 83' lang='lat' dir='ltr'><strong><em>Diacesim</em></strong></span> <span class='ocrx_word' id='word_1_20' title='bbox 727 832 872 895; x_wconf 85' lang='lat' dir='ltr'><strong><em>vocent.</em></strong></span> <span class='ocrx_word' id='word_1_21' title='bbox 926 821 1059 903; x_wconf 79' lang='lat' dir='ltr'><strong><em>Quare</em></strong></span> <span class='ocrx_word' id='word_1_22' title='bbox 1087 824 1128 898; x_wconf 89' lang='lat' dir='ltr'><strong><em>S.</em></strong></span> <span class='ocrx_word' id='word_1_23' title='bbox 1156 824 1257 899; x_wconf 87' lang='lat' dir='ltr'><strong><em>Con·</em></strong></span> 
     </span>
     <span class='ocr_line' id='line_1_5' title="bbox 156 932 1253 1033; baseline 0.005 -26"><span class='ocrx_word' id='word_1_24' title='bbox 156 933 367 1033; x_wconf 77' lang='lat' dir='ltr'><strong><em>gregationi</em></strong></span> <span class='ocrx_word' id='word_1_25' title='bbox 392 935 561 1030; x_wconf 80' lang='lat' dir='ltr'>placeret</span> <span class='ocrx_word' id='word_1_26' title='bbox 586 932 709 1032; x_wconf 78' lang='lat' dir='ltr'><strong><em>potius</em></strong></span> <span class='ocrx_word' id='word_1_27' title='bbox 736 934 817 1008; x_wconf 85' lang='lat' dir='ltr'><strong><em>haec</em></strong></span> <span class='ocrx_word' id='word_1_28' title='bbox 844 936 993 1010; x_wconf 84' lang='lat' dir='ltr'><strong><em>verba</em></strong></span> <span class='ocrx_word' id='word_1_29' title='bbox 983 961 1021 1010; x_wconf 90' lang='lat' dir='ltr'><strong><em>m</em></strong></span> <span class='ocrx_word' id='word_1_30' title='bbox 1045 952 1253 1014; x_wconf 87' lang='lat' dir='ltr'><strong><em>memorato</em></strong></span> 
     </span>
     <span class='ocr_line' id='line_1_6' title="bbox 155 1047 1257 1144; baseline 0.004 -21"><span class='ocrx_word' id='word_1_31' title='bbox 155 1048 327 1123; x_wconf 87' lang='lat' dir='ltr'><strong><em>Decreta</em></strong></span> <span class='ocrx_word' id='word_1_32' title='bbox 353 1047 538 1123; x_wconf 81' lang='lat' dir='ltr'>adhiberi:</span> <span class='ocrx_word' id='word_1_33' title='bbox 563 1048 774 1122; x_wconf 89' lang='lat' dir='ltr'><strong><em>Monemus</em></strong></span> <span class='ocrx_word' id='word_1_34' title='bbox 800 1049 1026 1124; x_wconf 75' lang='lat' dir='ltr'><strong><em>Sacerdotes</em></strong></span> <span class='ocrx_word' id='word_1_35' title='bbox 1046 1063 1103 1144; x_wconf 89' lang='lat' dir='ltr'><strong><em>ut,</em></strong></span> <span class='ocrx_word' id='word_1_36' title='bbox 1118 1078 1257 1127; x_wconf 83' lang='lat' dir='ltr'><strong><em>memo</em></strong></span> 
     </span>
     <span class='ocr_line' id='line_1_7' title="bbox 154 1164 1258 1263; baseline 0.003 -25"><span class='ocrx_word' id='word_1_37' title='bbox 154 1188 218 1238; x_wconf 86' lang='lat' dir='ltr'><strong><em>res</em></strong></span> <span class='ocrx_word' id='word_1_38' title='bbox 226 1164 506 1263; x_wconf 71' lang='lat' dir='ltr'><strong><em>promissionis</em></strong></span> <span class='ocrx_word' id='word_1_39' title='bbox 521 1164 566 1235; x_wconf 90' lang='lat' dir='ltr'><strong><em>in</em></strong></span> <span class='ocrx_word' id='word_1_40' title='bbox 582 1164 826 1237; x_wconf 88' lang='lat' dir='ltr'><strong><em>ordinatione</em></strong></span> <span class='ocrx_word' id='word_1_41' title='bbox 843 1164 1007 1258; x_wconf 80' lang='lat' dir='ltr'><strong><em>emissa,</em></strong></span> <span class='ocrx_word' id='word_1_42' title='bbox 1020 1189 1100 1238; x_wconf 89' lang='lat' dir='ltr'><strong><em>uon</em></strong></span> <span class='ocrx_word' id='word_1_43' title='bbox 1117 1167 1258 1241; x_wconf 83' lang='lat' dir='ltr'><strong><em>detrec</em></strong></span> 
     </span>
     <span class='ocr_line' id='line_1_8' title="bbox 156 1267 1255 1379; baseline 0.001 -26"><span class='ocrx_word' id='word_1_44' title='bbox 156 1288 389 1353; x_wconf 78' lang='lat' dir='ltr'><strong><em>temcocare</em></strong></span> <span class='ocrx_word' id='word_1_45' title='bbox 400 1277 556 1351; x_wconf 82' lang='lat' dir='ltr'><strong><em>cuilibet</em></strong></span> <span class='ocrx_word' id='word_1_46' title='bbox 565 1267 754 1351; x_wconf 86' lang='lat' dir='ltr'><strong><em>Missioni</em></strong></span> <span class='ocrx_word' id='word_1_47' title='bbox 764 1277 1018 1376; x_wconf 83' lang='lat' dir='ltr'><strong><em>abEpiscopo</em></strong></span> <span class='ocrx_word' id='word_1_48' title='bbox 1030 1280 1255 1379; x_wconf 80' lang='lat' dir='ltr'><strong><em>designme.</em></strong></span> 
     </span>
    </p>

    <p class='ocr_par' dir='ltr' id='par_1_3' title="bbox 154 1390 1260 2497">
     <span class='ocr_line' id='line_1_9' title="bbox 207 1390 1258 1494; baseline 0.002 -28"><span class='ocrx_word' id='word_1_49' title='bbox 207 1391 430 1466; x_wconf 83' lang='lat' dir='ltr'><strong><em>Secundum</em></strong></span> <span class='ocrx_word' id='word_1_50' title='bbox 456 1390 666 1466; x_wconf 84' lang='lat' dir='ltr'>Decretum</span> <span class='ocrx_word' id='word_1_51' title='bbox 692 1390 824 1466; x_wconf 83' lang='lat' dir='ltr'><strong><em>statuit</em></strong></span> <span class='ocrx_word' id='word_1_52' title='bbox 849 1391 1095 1486; x_wconf 81' lang='lat' dir='ltr'><strong><em>Sacerdotes,</em></strong></span> <span class='ocrx_word' id='word_1_53' title='bbox 1110 1396 1150 1467; x_wconf 85' lang='lat' dir='ltr'><strong><em>oi</em></strong></span> <span class='ocrx_word' id='word_1_54' title='bbox 1166 1419 1258 1494; x_wconf 83' lang='lat' dir='ltr'><strong><em>pro</em></strong></span> 
     </span>
     <span class='ocr_line' id='line_1_10' title="bbox 154 1506 1258 1600; baseline 0.001 -19"><span class='ocrx_word' id='word_1_55' title='bbox 154 1507 355 1581; x_wconf 78' lang='lat' dir='ltr'><strong><em>missionis</em></strong></span> <span class='ocrx_word' id='word_1_56' title='bbox 371 1508 415 1579; x_wconf 89' lang='lat' dir='ltr'><strong><em>iu</em></strong></span> <span class='ocrx_word' id='word_1_57' title='bbox 439 1506 684 1582; x_wconf 70' lang='lat' dir='ltr'><strong><em>ordinatim</em></strong></span> <span class='ocrx_word' id='word_1_58' title='bbox 701 1508 864 1600; x_wconf 76' lang='lat' dir='ltr'><strong><em>eruisse,</em></strong></span> <span class='ocrx_word' id='word_1_59' title='bbox 882 1509 1004 1582; x_wconf 90' lang='lat' dir='ltr'><strong><em>teneri</em></strong></span> <span class='ocrx_word' id='word_1_60' title='bbox 1027 1509 1071 1580; x_wconf 89' lang='lat' dir='ltr'><strong><em>iu</em></strong></span> <span class='ocrx_word' id='word_1_61' title='bbox 1093 1507 1258 1582; x_wconf 86' lang='lat' dir='ltr'><strong><em>Dioecesi</em></strong></span> 
     </span>
     <span class='ocr_line' id='line_1_11' title="bbox 154 1621 1256 1722; baseline 0.003 -27"><span class='ocrx_word' id='word_1_62' title='bbox 154 1644 325 1714; x_wconf 88' lang='lat' dir='ltr'><strong><em>munere,</em></strong></span> <span class='ocrx_word' id='word_1_63' title='bbox 349 1631 388 1695; x_wconf 86' lang='lat' dir='ltr'><strong><em>et</em></strong></span> <span class='ocrx_word' id='word_1_64' title='bbox 417 1621 568 1694; x_wconf 81' lang='lat' dir='ltr'><strong><em>obedire</em></strong></span> <span class='ocrx_word' id='word_1_65' title='bbox 595 1621 803 1721; x_wconf 77' lang='lat' dir='ltr'><strong><em>Episcopo,</em></strong></span> <span class='ocrx_word' id='word_1_66' title='bbox 829 1623 959 1718; x_wconf 82' lang='lat' dir='ltr'><strong><em>quood</em></strong></span> <span class='ocrx_word' id='word_1_67' title='bbox 983 1622 1032 1695; x_wconf 84' lang='lat' dir='ltr'><strong><em>ab</em></strong></span> <span class='ocrx_word' id='word_1_68' title='bbox 1062 1622 1256 1722; x_wconf 78' lang='lat' dir='ltr'><strong><em>Episcopo</em></strong></span> 
     </span>
     <span class='ocr_line' id='line_1_12' title="bbox 156 1733 1258 1834; baseline 0.003 -25"><span class='ocrx_word' id='word_1_69' title='bbox 156 1733 340 1809; x_wconf 82' lang='lat' dir='ltr'><strong><em>canonici</em></strong></span> <span class='ocrx_word' id='word_1_70' title='bbox 354 1760 437 1809; x_wconf 91' lang='lat' dir='ltr'><strong><em>non</em></strong></span> <span class='ocrx_word' id='word_1_71' title='bbox 451 1733 582 1832; x_wconf 88' lang='lat' dir='ltr'><strong><em>suerit</em></strong></span> <span class='ocrx_word' id='word_1_72' title='bbox 598 1736 793 1810; x_wconf 88' lang='lat' dir='ltr'><strong><em>dimissus.</em></strong></span> <span class='ocrx_word' id='word_1_73' title='bbox 845 1736 944 1809; x_wconf 83' lang='lat' dir='ltr'><strong><em>Haec</em></strong></span> <span class='ocrx_word' id='word_1_74' title='bbox 962 1733 1081 1834; x_wconf 86' lang='lat' dir='ltr'><strong><em>magis</em></strong></span> <span class='ocrx_word' id='word_1_75' title='bbox 1100 1760 1258 1812; x_wconf 86' lang='lat' dir='ltr'><strong><em>consen·</em></strong></span> 
     </span>
     <span class='ocr_line' id='line_1_13' title="bbox 156 1847 1258 1948; baseline 0.003 -25"><span class='ocrx_word' id='word_1_76' title='bbox 156 1861 273 1923; x_wconf 88' lang='lat' dir='ltr'><strong><em>tanea</em></strong></span> <span class='ocrx_word' id='word_1_77' title='bbox 288 1861 378 1923; x_wconf 89' lang='lat' dir='ltr'><strong><em>sunt</em></strong></span> <span class='ocrx_word' id='word_1_78' title='bbox 393 1849 438 1923; x_wconf 90' lang='lat' dir='ltr'><strong><em>iis</em></strong></span> <span class='ocrx_word' id='word_1_79' title='bbox 464 1874 548 1946; x_wconf 86' lang='lat' dir='ltr'><strong><em>quae</em></strong></span> <span class='ocrx_word' id='word_1_80' title='bbox 565 1847 735 1948; x_wconf 83' lang='lat' dir='ltr'><strong><em>superids</em></strong></span> <span class='ocrx_word' id='word_1_81' title='bbox 758 1850 1055 1923; x_wconf 88' lang='lat' dir='ltr'><strong><em>demonstratum</em></strong></span> <span class='ocrx_word' id='word_1_82' title='bbox 1072 1861 1133 1922; x_wconf 89' lang='lat' dir='ltr'><strong><em>est</em></strong></span> <span class='ocrx_word' id='word_1_83' title='bbox 1149 1850 1169 1923; x_wconf 78' lang='lat' dir='ltr'><strong><em>ir</em></strong></span> <span class='ocrx_word' id='word_1_84' title='bbox 1186 1849 1258 1926; x_wconf 78' lang='lat' dir='ltr'><strong><em>Be</em></strong></span> 
     </span>
     <span class='ocr_line' id='line_1_14' title="bbox 156 1962 1257 2062; baseline 0 -24"><span class='ocrx_word' id='word_1_85' title='bbox 156 1963 311 2038; x_wconf 84' lang='lat' dir='ltr'><strong><em>aedicto</em></strong></span> <span class='ocrx_word' id='word_1_86' title='bbox 328 1962 425 2037; x_wconf 89' lang='lat' dir='ltr'><strong><em>XIV</em></strong></span> <span class='ocrx_word' id='word_1_87' title='bbox 442 1964 631 2062; x_wconf 83' lang='lat' dir='ltr'><strong><em>explicata</em></strong></span> <span class='ocrx_word' id='word_1_88' title='bbox 647 1987 751 2039; x_wconf 90' lang='lat' dir='ltr'><strong><em>esse:</em></strong></span> <span class='ocrx_word' id='word_1_89' title='bbox 777 1963 865 2037; x_wconf 88' lang='lat' dir='ltr'><strong><em>addi</em></strong></span> <span class='ocrx_word' id='word_1_90' title='bbox 889 1975 1018 2037; x_wconf 90' lang='lat' dir='ltr'><strong><em>tamen</em></strong></span> <span class='ocrx_word' id='word_1_91' title='bbox 1034 1965 1149 2039; x_wconf 84' lang='lat' dir='ltr'><strong><em>verba</em></strong></span> <span class='ocrx_word' id='word_1_92' title='bbox 1166 1988 1257 2039; x_wconf 91' lang='lat' dir='ltr'><strong><em>non·</em></strong></span> 
     </span>
     <span class='ocr_line' id='line_1_15' title="bbox 157 2077 1257 2176; baseline 0.001 -23"><span class='ocrx_word' id='word_1_93' title='bbox 157 2079 262 2153; x_wconf 87' lang='lat' dir='ltr'><strong><em>nulla</em></strong></span> <span class='ocrx_word' id='word_1_94' title='bbox 285 2089 455 2176; x_wconf 83' lang='lat' dir='ltr'><strong><em>possent,</em></strong></span> <span class='ocrx_word' id='word_1_95' title='bbox 479 2077 613 2174; x_wconf 91' lang='lat' dir='ltr'><strong><em>quibus</em></strong></span> <span class='ocrx_word' id='word_1_96' title='bbox 641 2077 863 2151; x_wconf 86' lang='lat' dir='ltr'><strong><em>ostendatur</em></strong></span> <span class='ocrx_word' id='word_1_97' title='bbox 888 2077 992 2152; x_wconf 90' lang='lat' dir='ltr'><strong><em>circa</em></strong></span> <span class='ocrx_word' id='word_1_98' title='bbox 1023 2078 1257 2154; x_wconf 83' lang='lat' dir='ltr'><strong><em>Sacerdotes</em></strong></span> 
     </span>
     <span class='ocr_line' id='line_1_16' title="bbox 158 2189 1260 2291; baseline 0.002 -24"><span class='ocrx_word' id='word_1_99' title='bbox 158 2193 223 2290; x_wconf 89' lang='lat' dir='ltr'><strong><em>qui</em></strong></span> <span class='ocrx_word' id='word_1_100' title='bbox 238 2193 288 2266; x_wconf 89' lang='lat' dir='ltr'><strong><em>ad</em></strong></span> <span class='ocrx_word' id='word_1_101' title='bbox 305 2191 522 2291; x_wconf 84' lang='lat' dir='ltr'><strong><em>religiosum</em></strong></span> <span class='ocrx_word' id='word_1_102' title='bbox 547 2192 710 2289; x_wconf 82' lang='lat' dir='ltr'>aliquem</span> <span class='ocrx_word' id='word_1_103' title='bbox 736 2189 920 2265; x_wconf 87' lang='lat' dir='ltr'>Ordinem</span> <span class='ocrx_word' id='word_1_104' title='bbox 941 2191 1100 2267; x_wconf 87' lang='lat' dir='ltr'><strong><em>transire</em></strong></span> <span class='ocrx_word' id='word_1_105' title='bbox 1118 2194 1260 2288; x_wconf 86' lang='lat' dir='ltr'><strong><em>volunt,</em></strong></span> 
     </span>
     <span class='ocr_line' id='line_1_17' title="bbox 157 2305 1259 2406; baseline 0.001 -24"><span class='ocrx_word' id='word_1_106' title='bbox 157 2307 300 2383; x_wconf 81' lang='lat' dir='ltr'><strong><em>servari</em></strong></span> <span class='ocrx_word' id='word_1_107' title='bbox 325 2307 465 2382; x_wconf 88' lang='lat' dir='ltr'><strong><em>debere</em></strong></span> <span class='ocrx_word' id='word_1_108' title='bbox 482 2330 566 2403; x_wconf 87' lang='lat' dir='ltr'><strong><em>quae</em></strong></span> <span class='ocrx_word' id='word_1_109' title='bbox 582 2305 814 2380; x_wconf 84' lang='lat' dir='ltr'><strong><em>Benedictus</em></strong></span> <span class='ocrx_word' id='word_1_110' title='bbox 831 2305 927 2381; x_wconf 89' lang='lat' dir='ltr'><strong><em>XIV</em></strong></span> <span class='ocrx_word' id='word_1_111' title='bbox 945 2307 983 2381; x_wconf 93' lang='lat' dir='ltr'><strong><em>in</em></strong></span> <span class='ocrx_word' id='word_1_112' title='bbox 1008 2330 1128 2406; x_wconf 90' lang='lat' dir='ltr'><strong><em>nuper</em></strong></span> <span class='ocrx_word' id='word_1_113' title='bbox 1145 2308 1259 2384; x_wconf 68' lang='lat' dir='ltr'><strong><em>citati</em></strong></span> 
     </span>
     <span class='ocr_line' id='line_1_18' title="bbox 159 2420 773 2497; baseline -0.007 0"><span class='ocrx_word' id='word_1_114' title='bbox 159 2420 442 2497; x_wconf 83' lang='lat' dir='ltr'><strong><em>Constitutione</em></strong></span> <span class='ocrx_word' id='word_1_115' title='bbox 462 2421 630 2495; x_wconf 75' lang='lat' dir='ltr'><strong><em>desire</em></strong></span> <span class='ocrx_word' id='word_1_116' title='bbox 648 2420 773 2494; x_wconf 89' lang='lat' dir='ltr'><strong><em>docet.</em></strong></span> 
     </span>
    </p>

    <p class='ocr_par' dir='ltr' id='par_1_4' title="bbox 158 2533 1264 3984">
     <span class='ocr_line' id='line_1_19' title="bbox 208 2533 1258 2635; baseline 0.001 -24"><span class='ocrx_word' id='word_1_117' title='bbox 208 2535 256 2611; x_wconf 92' lang='lat' dir='ltr'><strong><em>In</em></strong></span> <span class='ocrx_word' id='word_1_118' title='bbox 268 2535 399 2633; x_wconf 88' lang='lat' dir='ltr'><strong><em>quinto</em></strong></span> <span class='ocrx_word' id='word_1_119' title='bbox 418 2534 602 2628; x_wconf 89' lang='lat' dir='ltr'><strong><em>Decreto,</em></strong></span> <span class='ocrx_word' id='word_1_120' title='bbox 612 2533 822 2608; x_wconf 89' lang='lat' dir='ltr'><strong><em>ostenditur</em></strong></span> <span class='ocrx_word' id='word_1_121' title='bbox 833 2535 1063 2634; x_wconf 78' lang='lat' dir='ltr'><strong><em>quantopere</em></strong></span> <span class='ocrx_word' id='word_1_122' title='bbox 1077 2537 1258 2635; x_wconf 85' lang='lat' dir='ltr'><strong><em>Synodus</em></strong></span> 
     </span>
     <span class='ocr_line' id='line_1_20' title="bbox 161 2647 1259 2749; baseline 0.001 -24"><span class='ocrx_word' id='word_1_123' title='bbox 161 2649 291 2749; x_wconf 90' lang='lat' dir='ltr'><strong><em>cupiat</em></strong></span> <span class='ocrx_word' id='word_1_124' title='bbox 306 2649 345 2724; x_wconf 90' lang='lat' dir='ltr'><strong><em>in</em></strong></span> <span class='ocrx_word' id='word_1_125' title='bbox 362 2662 556 2748; x_wconf 90' lang='lat' dir='ltr'><strong><em>posterum</em></strong></span> <span class='ocrx_word' id='word_1_126' title='bbox 573 2671 650 2722; x_wconf 90' lang='lat' dir='ltr'><strong><em>non</em></strong></span> <span class='ocrx_word' id='word_1_127' title='bbox 663 2647 840 2723; x_wconf 71' lang='lat' dir='ltr'><strong><em>aedificari</em></strong></span> <span class='ocrx_word' id='word_1_128' title='bbox 854 2673 990 2723; x_wconf 86' lang='lat' dir='ltr'><strong><em>novam</em></strong></span> <span class='ocrx_word' id='word_1_129' title='bbox 1003 2649 1167 2747; x_wconf 85' lang='lat' dir='ltr'><strong><em>aliquam</em></strong></span> <span class='ocrx_word' id='word_1_130' title='bbox 1184 2651 1259 2727; x_wconf 89' lang='lat' dir='ltr'><strong><em>Ec·</em></strong></span> 
     </span>
     <span class='ocr_line' id='line_1_21' title="bbox 160 2761 1261 2863; baseline -0.001 -22"><span class='ocrx_word' id='word_1_131' title='bbox 160 2764 331 2858; x_wconf 83' lang='lat' dir='ltr'><strong><em>alesiam,</em></strong></span> <span class='ocrx_word' id='word_1_132' title='bbox 345 2764 426 2839; x_wconf 82' lang='lat' dir='ltr'><strong><em>nisi</em></strong></span> <span class='ocrx_word' id='word_1_133' title='bbox 439 2761 571 2860; x_wconf 84' lang='lat' dir='ltr'><strong><em>suerit</em></strong></span> <span class='ocrx_word' id='word_1_134' title='bbox 591 2762 785 2863; x_wconf 80' lang='lat' dir='ltr'><strong><em>Episcopo</em></strong></span> <span class='ocrx_word' id='word_1_135' title='bbox 801 2765 845 2837; x_wconf 90' lang='lat' dir='ltr'><strong><em>in</em></strong></span> <span class='ocrx_word' id='word_1_136' title='bbox 870 2765 1018 2838; x_wconf 91' lang='lat' dir='ltr'><strong><em>cultum</em></strong></span> <span class='ocrx_word' id='word_1_137' title='bbox 1033 2764 1208 2838; x_wconf 73' lang='lat' dir='ltr'><strong><em>dimnum</em></strong></span> <span class='ocrx_word' id='word_1_138' title='bbox 1223 2777 1261 2841; x_wconf 86' lang='lat' dir='ltr'><strong><em>et</em></strong></span> 
     </span>
     <span class='ocr_line' id='line_1_22' title="bbox 160 2879 1261 2978; baseline 0 -24"><span class='ocrx_word' id='word_1_139' title='bbox 160 2881 369 2955; x_wconf 81' lang='lat' dir='ltr'><strong><em>utilitatem</em></strong></span> <span class='ocrx_word' id='word_1_140' title='bbox 378 2879 560 2976; x_wconf 78' lang='lat' dir='ltr'><strong><em>fidelium</em></strong></span> <span class='ocrx_word' id='word_1_141' title='bbox 582 2879 842 2952; x_wconf 84' lang='lat' dir='ltr'><strong><em>instrumento</em></strong></span> <span class='ocrx_word' id='word_1_142' title='bbox 867 2879 1012 2977; x_wconf 89' lang='lat' dir='ltr'><strong><em>scripto</em></strong></span> <span class='ocrx_word' id='word_1_143' title='bbox 1038 2879 1261 2978; x_wconf 81' lang='lat' dir='ltr'><strong><em>adsignata,</em></strong></span> 
     </span>
     <span class='ocr_line' id='line_1_23' title="bbox 158 2991 1260 3093; baseline 0 -25"><span class='ocrx_word' id='word_1_144' title='bbox 158 2994 479 3093; x_wconf 74' lang='lat' dir='ltr'><strong><em>quandocumque</em></strong></span> <span class='ocrx_word' id='word_1_145' title='bbox 506 2993 551 3067; x_wconf 85' lang='lat' dir='ltr'><strong><em>id</em></strong></span> <span class='ocrx_word' id='word_1_146' title='bbox 565 2991 661 3089; x_wconf 84' lang='lat' dir='ltr'><strong><em>fieri</em></strong></span> <span class='ocrx_word' id='word_1_147' title='bbox 687 2993 844 3092; x_wconf 89' lang='lat' dir='ltr'><strong><em>poterit.</em></strong></span> <span class='ocrx_word' id='word_1_148' title='bbox 896 2991 1017 3067; x_wconf 75' lang='lat' dir='ltr'><strong><em>Valde</em></strong></span> <span class='ocrx_word' id='word_1_149' title='bbox 1052 2993 1260 3090; x_wconf 89' lang='lat' dir='ltr'><strong><em>optandum</em></strong></span> 
     </span>
     <span class='ocr_line' id='line_1_24' title="bbox 162 3104 1261 3206; baseline -0.001 -23"><span class='ocrx_word' id='word_1_150' title='bbox 162 3120 267 3184; x_wconf 89' lang='lat' dir='ltr'><strong><em>esset</em></strong></span> <span class='ocrx_word' id='word_1_151' title='bbox 283 3107 562 3206; x_wconf 88' lang='lat' dir='ltr'><strong><em>Episcoporum</em></strong></span> <span class='ocrx_word' id='word_1_152' title='bbox 579 3118 667 3180; x_wconf 83' lang='lat' dir='ltr'><strong><em>vota</em></strong></span> <span class='ocrx_word' id='word_1_153' title='bbox 692 3105 766 3181; x_wconf 87' lang='lat' dir='ltr'><strong><em>hac</em></strong></span> <span class='ocrx_word' id='word_1_154' title='bbox 783 3106 831 3180; x_wconf 89' lang='lat' dir='ltr'><strong><em>de</em></strong></span> <span class='ocrx_word' id='word_1_155' title='bbox 848 3129 890 3179; x_wconf 90' lang='lat' dir='ltr'><strong><em>re</em></strong></span> <span class='ocrx_word' id='word_1_156' title='bbox 906 3104 1064 3202; x_wconf 89' lang='lat' dir='ltr'><strong><em>impleri,</em></strong></span> <span class='ocrx_word' id='word_1_157' title='bbox 1080 3106 1129 3179; x_wconf 85' lang='lat' dir='ltr'><strong><em>ad</em></strong></span> <span class='ocrx_word' id='word_1_158' title='bbox 1146 3105 1261 3182; x_wconf 88' lang='lat' dir='ltr'><strong><em>vitan·</em></strong></span> 
     </span>
     <span class='ocr_line' id='line_1_25' title="bbox 161 3217 1261 3321; baseline -0.003 -23"><span class='ocrx_word' id='word_1_159' title='bbox 161 3222 212 3298; x_wconf 91' lang='lat' dir='ltr'><strong><em>da</em></strong></span> <span class='ocrx_word' id='word_1_160' title='bbox 229 3221 435 3321; x_wconf 71' lang='lat' dir='ltr'><strong><em>praesertim</em></strong></span> <span class='ocrx_word' id='word_1_161' title='bbox 460 3221 702 3297; x_wconf 89' lang='lat' dir='ltr'><strong><em>incommoda</em></strong></span> <span class='ocrx_word' id='word_1_162' title='bbox 727 3245 810 3316; x_wconf 83' lang='lat' dir='ltr'><strong><em>quae</em></strong></span> <span class='ocrx_word' id='word_1_163' title='bbox 827 3217 1010 3293; x_wconf 83' lang='lat' dir='ltr'><strong><em>hactenirs</em></strong></span> <span class='ocrx_word' id='word_1_164' title='bbox 1028 3219 1066 3293; x_wconf 92' lang='lat' dir='ltr'><strong><em>in</em></strong></span> <span class='ocrx_word' id='word_1_165' title='bbox 1084 3220 1261 3297; x_wconf 77' lang='lat' dir='ltr'><strong><em>Americd</em></strong></span> 
     </span>
     <span class='ocr_line' id='line_1_26' title="bbox 163 3332 1261 3435; baseline -0.002 -22"><span class='ocrx_word' id='word_1_166' title='bbox 163 3338 213 3413; x_wconf 81' lang='lat' dir='ltr'><strong><em>ob</em></strong></span> <span class='ocrx_word' id='word_1_167' title='bbox 229 3336 473 3412; x_wconf 85' lang='lat' dir='ltr'><strong><em>AEdituorum</em></strong></span> <span class='ocrx_word' id='word_1_168' title='bbox 491 3335 628 3435; x_wconf 84' lang='lat' dir='ltr'><strong><em>agendi</em></strong></span> <span class='ocrx_word' id='word_1_169' title='bbox 652 3334 836 3409; x_wconf 90' lang='lat' dir='ltr'><strong><em>rationem</em></strong></span> <span class='ocrx_word' id='word_1_170' title='bbox 860 3332 1039 3407; x_wconf 88' lang='lat' dir='ltr'><strong><em>Ecclesia</em></strong></span> <span class='ocrx_word' id='word_1_171' title='bbox 1056 3357 1171 3431; x_wconf 86' lang='lat' dir='ltr'><strong><em>passa</em></strong></span> <span class='ocrx_word' id='word_1_172' title='bbox 1186 3347 1261 3411; x_wconf 89' lang='lat' dir='ltr'><strong><em>est:</em></strong></span> 
     </span>
     <span class='ocr_line' id='line_1_27' title="bbox 162 3447 1261 3548; baseline -0.002 -22"><span class='ocrx_word' id='word_1_173' title='bbox 162 3462 206 3527; x_wconf 90' lang='lat' dir='ltr'><strong><em>ut</em></strong></span> <span class='ocrx_word' id='word_1_174' title='bbox 221 3447 308 3526; x_wconf 85' lang='lat' dir='ltr'><strong><em>verd</em></strong></span> <span class='ocrx_word' id='word_1_175' title='bbox 325 3461 477 3526; x_wconf 87' lang='lat' dir='ltr'><strong><em>constet</em></strong></span> <span class='ocrx_word' id='word_1_176' title='bbox 502 3473 569 3548; x_wconf 89' lang='lat' dir='ltr'><strong><em>per</em></strong></span> <span class='ocrx_word' id='word_1_177' title='bbox 586 3450 661 3523; x_wconf 89' lang='lat' dir='ltr'><strong><em>hoc</em></strong></span> <span class='ocrx_word' id='word_1_178' title='bbox 687 3448 897 3522; x_wconf 89' lang='lat' dir='ltr'><strong><em>Decretum</em></strong></span> <span class='ocrx_word' id='word_1_179' title='bbox 922 3447 1138 3546; x_wconf 85' lang='lat' dir='ltr'><strong><em>Episcopor</em></strong></span> <span class='ocrx_word' id='word_1_180' title='bbox 1159 3448 1261 3525; x_wconf 87' lang='lat' dir='ltr'><strong><em>nolle</em></strong></span> 
     </span>
     <span class='ocr_line' id='line_1_28' title="bbox 162 3561 1263 3664; baseline -0.001 -24"><span class='ocrx_word' id='word_1_181' title='bbox 162 3563 418 3664; x_wconf 74' lang='lat' dir='ltr'><strong><em>Regularibus</em></strong></span> <span class='ocrx_word' id='word_1_182' title='bbox 435 3562 588 3661; x_wconf 85' lang='lat' dir='ltr'><strong><em>aliquod</em></strong></span> <span class='ocrx_word' id='word_1_183' title='bbox 615 3562 879 3637; x_wconf 85' lang='lat' dir='ltr'><strong><em>detrimentum</em></strong></span> <span class='ocrx_word' id='word_1_184' title='bbox 903 3561 1050 3656; x_wconf 87' lang='lat' dir='ltr'><strong><em>afferre,</em></strong></span> <span class='ocrx_word' id='word_1_185' title='bbox 1066 3563 1154 3637; x_wconf 86' lang='lat' dir='ltr'><strong><em>addi</em></strong></span> <span class='ocrx_word' id='word_1_186' title='bbox 1177 3588 1263 3662; x_wconf 77' lang='lat' dir='ltr'><strong><em>pos</em></strong></span> 
     </span>
     <span class='ocr_line' id='line_1_29' title="bbox 163 3677 1263 3777; baseline 0 -23"><span class='ocrx_word' id='word_1_187' title='bbox 163 3690 224 3754; x_wconf 87' lang='lat' dir='ltr'><strong><em>set</em></strong></span> <span class='ocrx_word' id='word_1_188' title='bbox 239 3677 489 3777; x_wconf 79' lang='lat' dir='ltr'><strong><em>Regularium</em></strong></span> <span class='ocrx_word' id='word_1_189' title='bbox 514 3677 706 3776; x_wconf 81' lang='lat' dir='ltr'><strong><em>privilegia</em></strong></span> <span class='ocrx_word' id='word_1_190' title='bbox 730 3689 954 3752; x_wconf 87' lang='lat' dir='ltr'><strong><em>sartatecta</em></strong></span> <span class='ocrx_word' id='word_1_191' title='bbox 974 3677 1113 3751; x_wconf 88' lang='lat' dir='ltr'><strong><em>servari</em></strong></span> <span class='ocrx_word' id='word_1_192' title='bbox 1130 3702 1263 3754; x_wconf 91' lang='lat' dir='ltr'><strong><em>secun-</em></strong></span> 
     </span>
     <span class='ocr_line' id='line_1_30' title="bbox 162 3790 1264 3892; baseline -0.001 -23"><span class='ocrx_word' id='word_1_193' title='bbox 162 3791 253 3869; x_wconf 80' lang='lat' dir='ltr'><strong><em>dirm</em></strong></span> <span class='ocrx_word' id='word_1_194' title='bbox 270 3816 420 3891; x_wconf 75' lang='lat' dir='ltr'><strong><em>eaquae</em></strong></span> <span class='ocrx_word' id='word_1_195' title='bbox 436 3792 554 3892; x_wconf 76' lang='lat' dir='ltr'><strong><em>ijure</em></strong></span> <span class='ocrx_word' id='word_1_196' title='bbox 573 3791 786 3885; x_wconf 79' lang='lat' dir='ltr'><strong><em>canonico,</em></strong></span> <span class='ocrx_word' id='word_1_197' title='bbox 799 3804 838 3867; x_wconf 89' lang='lat' dir='ltr'><strong><em>et</em></strong></span> <span class='ocrx_word' id='word_1_198' title='bbox 853 3792 1118 3867; x_wconf 86' lang='lat' dir='ltr'><strong><em>Romanorum</em></strong></span> <span class='ocrx_word' id='word_1_199' title='bbox 1136 3790 1264 3868; x_wconf 89' lang='lat' dir='ltr'><strong><em>Ponti·</em></strong></span> 
     </span>
     <span class='ocr_line' id='line_1_31' title="bbox 162 3906 926 3984; baseline -0.005 0"><span class='ocrx_word' id='word_1_200' title='bbox 162 3907 278 3984; x_wconf 84' lang='lat' dir='ltr'><strong><em>ficum</em></strong></span> <span class='ocrx_word' id='word_1_201' title='bbox 296 3906 637 3983; x_wconf 77' lang='lat' dir='ltr'><strong><em>constitutionibus</em></strong></span> <span class='ocrx_word' id='word_1_202' title='bbox 656 3907 812 3981; x_wconf 88' lang='lat' dir='ltr'><strong><em>decreta</em></strong></span> <span class='ocrx_word' id='word_1_203' title='bbox 828 3920 926 3981; x_wconf 88' lang='lat' dir='ltr'><strong><em>sunt.</em></strong></span> 
     </span>
    </p>

    <p class='ocr_par' dir='ltr' id='par_1_5' title="bbox 163 4019 1265 4469">
     <span class='ocr_line' id='line_1_32' title="bbox 211 4019 1264 4118; baseline -0.002 -19"><span class='ocrx_word' id='word_1_204' title='bbox 211 4020 259 4100; x_wconf 88' lang='lat' dir='ltr'><strong><em>Iu</em></strong></span> <span class='ocrx_word' id='word_1_205' title='bbox 275 4033 387 4098; x_wconf 85' lang='lat' dir='ltr'><strong><em>sexto</em></strong></span> <span class='ocrx_word' id='word_1_206' title='bbox 404 4021 588 4114; x_wconf 88' lang='lat' dir='ltr'><strong><em>Decreto,</em></strong></span> <span class='ocrx_word' id='word_1_207' title='bbox 604 4019 668 4095; x_wconf 93' lang='lat' dir='ltr'><strong><em>ubi</em></strong></span> <span class='ocrx_word' id='word_1_208' title='bbox 685 4019 964 4118; x_wconf 88' lang='lat' dir='ltr'><strong><em>Episcoporum</em></strong></span> <span class='ocrx_word' id='word_1_209' title='bbox 977 4019 1184 4095; x_wconf 86' lang='lat' dir='ltr'><strong><em>auctoritas</em></strong></span> <span class='ocrx_word' id='word_1_210' title='bbox 1202 4022 1264 4097; x_wconf 81' lang='lat' dir='ltr'><strong><em>de</em></strong></span> 
     </span>
     <span class='ocr_line' id='line_1_33' title="bbox 163 4134 1264 4229; baseline -0.002 -17"><span class='ocrx_word' id='word_1_211' title='bbox 163 4136 326 4212; x_wconf 72' lang='lat' dir='ltr'><strong><em>tenditur</em></strong></span> <span class='ocrx_word' id='word_1_212' title='bbox 337 4137 440 4212; x_wconf 90' lang='lat' dir='ltr'><strong><em>circa</em></strong></span> <span class='ocrx_word' id='word_1_213' title='bbox 456 4134 729 4211; x_wconf 90' lang='lat' dir='ltr'><strong><em>institutionem</em></strong></span> <span class='ocrx_word' id='word_1_214' title='bbox 742 4134 959 4229; x_wconf 89' lang='lat' dir='ltr'><strong><em>Pastorum,</em></strong></span> <span class='ocrx_word' id='word_1_215' title='bbox 971 4135 1052 4211; x_wconf 83' lang='lat' dir='ltr'><strong><em>hoec</em></strong></span> <span class='ocrx_word' id='word_1_216' title='bbox 1070 4136 1185 4209; x_wconf 86' lang='lat' dir='ltr'><strong><em>verba</em></strong></span> <span class='ocrx_word' id='word_1_217' title='bbox 1201 4136 1264 4210; x_wconf 85' lang='lat' dir='ltr'><strong><em>ad·</em></strong></span> 
     </span>
     <span class='ocr_line' id='line_1_34' title="bbox 164 4251 1265 4351; baseline -0.004 -24"><span class='ocrx_word' id='word_1_218' title='bbox 164 4252 353 4328; x_wconf 89' lang='lat' dir='ltr'><strong><em>hibentur:</em></strong></span> <span class='ocrx_word' id='word_1_219' title='bbox 383 4254 469 4328; x_wconf 87' lang='lat' dir='ltr'><strong><em>Hoc</em></strong></span> <span class='ocrx_word' id='word_1_220' title='bbox 498 4263 633 4326; x_wconf 87' lang='lat' dir='ltr'><strong><em>nostro</em></strong></span> <span class='ocrx_word' id='word_1_221' title='bbox 659 4251 828 4326; x_wconf 88' lang='lat' dir='ltr'><strong><em>Decreto</em></strong></span> <span class='ocrx_word' id='word_1_222' title='bbox 855 4251 1097 4324; x_wconf 85' lang='lat' dir='ltr'><strong><em>declaramus</em></strong></span> <span class='ocrx_word' id='word_1_223' title='bbox 1126 4275 1265 4351; x_wconf 85' lang='lat' dir='ltr'><strong><em>repug-</em></strong></span> 
     </span>
     <span class='ocr_line' id='line_1_35' title="bbox 165 4363 1265 4469; baseline -0.005 -25"><span class='ocrx_word' id='word_1_224' title='bbox 165 4392 261 4444; x_wconf 82' lang='lat' dir='ltr'><strong><em>nare</em></strong></span> <span class='ocrx_word' id='word_1_225' title='bbox 278 4365 446 4469; x_wconf 81' lang='lat' dir='ltr'><strong><em>prorsits</em></strong></span> <span class='ocrx_word' id='word_1_226' title='bbox 470 4368 658 4443; x_wconf 74' lang='lat' dir='ltr'><strong><em>doctrine</em></strong></span> <span class='ocrx_word' id='word_1_227' title='bbox 682 4378 721 4442; x_wconf 89' lang='lat' dir='ltr'><strong><em>et</em></strong></span> <span class='ocrx_word' id='word_1_228' title='bbox 745 4365 963 4466; x_wconf 79' lang='lat' dir='ltr'><strong><em>disciplina</em></strong></span> <span class='ocrx_word' id='word_1_229' title='bbox 986 4363 1173 4438; x_wconf 79' lang='lat' dir='ltr'><strong><em>Ecclesia</em></strong></span> <span class='ocrx_word' id='word_1_230' title='bbox 1191 4369 1265 4463; x_wconf 82' lang='lat' dir='ltr'><strong><em>jus</em></strong></span> 
     </span>
    </p>
   </div>
   <div class='ocr_carea' id='block_1_3' title="bbox 0 0 1427 5010">
    <p class='ocr_par' dir='ltr' id='par_1_6' title="bbox 0 0 1427 5010">
     <span class='ocr_line' id='line_1_36' title="bbox 0 0 1427 5010; baseline 0 0"><span class='ocrx_word' id='word_1_231' title='bbox 0 0 1427 5010; x_wconf 95' lang='lat' dir='ltr'><strong><em> </em></strong></span> 
     </span>
    </p>
   </div>
  </div>
 </body>
</html>
