2820 5010
150 360 225 433 276
434 382 646 434 conomiuu
671 382 959 435 rnnrrrroasnsa

404 673 993 751 ACOLAMATIONES.

167 978 177 1001 ,
200 901 517 977 Archidiuconus.
544 902 628 977 Soli
645 902 806 1001 sapienti
827 902 915 978 Deo
937 905 1118 979 honoret
1134 904 1233 1006 gloria

152 1016 190 1091 in
208 1016 348 1092 saecula
364 1015 598 1090 saeculorum.

207 1132 366 1205 Clamas.
394 1129 531 1205 Honor
560 1140 600 1204 et
629 1130 749 1229 gloria
776 1131 815 1206 iu
843 1133 985 1208 saecula
1013 1134 1235 1210 woulorum

153 1246 261 1320 Deus
290 1243 468 1344 Optimus
497 1243 702 1339 Maximus,
726 1244 789 1343 qui
813 1246 928 1345 coepit
951 1246 990 1320 in
1017 1246 1129 1323 nobis
1154 1271 1237 1348 opus

152 1359 306 1451 bonum,
323 1369 362 1432 ot
377 1357 650 1432 incrementum
668 1358 785 1452 dedit,
800 1358 882 1457 ipse
899 1359 1082 1457 perficiat

201 1472 354 1548 monia
381 1470 617 1546 Beatissimae
637 1471 781 1571 Virgini
802 1472 949 1567 Marisa,
968 1473 1050 1549 sine
1074 1474 1161 1551 labe
1183 1475 1241 1551 ori·

153 1587 266 1687 ginali
286 1597 496 1683 conceptue,
512 1584 645 1660 harum
669 1584 954 1663 Provinciarum
978 1587 1174 1685 Patronus,
1187 1590 1242 1667 lro

153 1727 224 1776 nor
241 1712 414 1777 aetarnus.
870 1742 878 1755 ·

207 1816 366 1891 Chorus.
393 1814 531 1888 Honor
543 1825 722 1890 aeternus:
735 1815 827 1891 lecit
838 1814 875 1891 ei
886 1839 1026 1917 magna
1038 1818 1105 1915 qui
1117 1829 1243 1917 potens

153 1942 225 2024 est,
236 1929 398 2026 ideoque
415 1928 565 2001 beatam
583 1928 712 2003 dicant
728 1953 813 2003 eam
826 1954 959 2005 omnes
973 1933 1241 2030 generationes.

202 2044 354 2119 Archia
381 2041 609 2117 Beatissimo
630 2042 702 2117 Pio
723 2042 842 2142 Papoe
858 2055 898 2119 et
921 2045 1091 2121 Domino
1108 2059 1245 2140 nostro,

153 2169 297 2233 sanctae
313 2156 532 2232 universalia
558 2156 747 2233 Ecclesiae
771 2156 962 2255 Pontifici,
977 2160 1087 2236 multi
1109 2161 1196 2237 anni
1209 2172 1244 2236 et

154 2271 329 2346 diuturna
346 2271 586 2372 prosperitas.

207 2386 367 2461 Ohorrts.
393 2386 555 2484 Impleat
568 2384 756 2460 Dominus
769 2411 902 2462 omnes
915 2388 1119 2486 petitiones
1133 2389 1245 2465 Sanc·

154 2500 287 2575 tissimi
311 2500 450 2594 Patris,
470 2510 510 2573 at
530 2499 582 2573 ita
605 2523 717 2574 omno
740 2501 938 2576 consilium
961 2503 1044 2601 ejus
1068 2502 1245 2578 adversis

153 2616 323 2691 inimicos
343 2614 485 2690 Christi
508 2613 717 2707 confirmet,
732 2626 774 2688 ut
797 2615 846 2689 ad
871 2615 1026 2690 nihilum
1050 2617 1248 2692 deveniant

154 2742 333 2827 tanquam
351 2751 450 2825 aqua
471 2729 689 2822 decurrens,
706 2739 745 2802 et
767 2727 866 2803 sicut
883 2728 1011 2805 deficit
1034 2730 1174 2826 fumus,
1190 2733 1248 2806 de-

154 2844 291 2919 liciant.

202 2957 354 3032 Arcturi.
382 2955 615 3030 Venerabilis
642 2956 815 3055 Gregorii
842 2955 1092 3032 Decimisexti
1117 2959 1249 3035 animae

154 3095 227 3170 pax
245 3072 282 3145 in
299 3072 478 3164 Domino,
492 3082 530 3143 et
543 3082 684 3144 aetemu
696 3070 854 3145 felicitas
869 3071 905 3144 in
919 3071 1005 3146 luce
1020 3083 1247 3150 sanctorum.

207 3187 366 3261 Chorus.
394 3186 568 3259 Dilectus
586 3184 674 3258 Deo
692 3196 731 3258 et
748 3184 972 3279 hominibus,
984 3187 1093 3286 cujus
1111 3212 1250 3262 memo

151 3301 207 3376 ria
223 3301 260 3374 in
278 3300 544 3375 benedictione
563 3310 631 3373 est.

201 3415 354 3490 Arcturi.
381 3415 535 3488 Revffio
553 3414 641 3487 Dno
656 3414 958 3514 Archiepiscopo
972 3416 1251 3511 Baltimorensi,

154 3531 263 3629 hujus
295 3529 457 3604 Concilii
490 3529 649 3627 praesuli,
679 3554 766 3603 cum
799 3531 924 3604 multis
959 3531 1066 3604 annis
1101 3556 1249 3632 magnoe

155 3646 293 3743 gratiae.

208 3760 366 3834 Chorus.
393 3757 548 3856 Magnae
569 3758 711 3857 gratita:
738 3759 926 3834 Dominus
949 3761 1131 3835 retribuat
1148 3761 1196 3855 ei,
1212 3775 1249 3835 et

155 3898 241 3946 eum
259 3873 296 3945 in
313 3873 451 3946 multos
469 3896 588 3946 annos
607 3872 795 3947 Ecclesia]
811 3900 890 3949 suae
906 3889 1116 3950 conservet.

203 3987 354 4061 Arcturi.
381 3986 542 4061 Rovmis
559 3987 655 4060 nnis
678 3988 895 4088 Episcopis,
912 3991 975 4087 qui
995 3990 1032 4063 in
1056 3990 1131 4064 hoc
1151 3989 1249 4065 Con-

155 4101 240 4176 cilio
259 4114 527 4196 convenerunt,
543 4126 689 4200 magnae
713 4104 853 4201 gratiae,
870 4118 909 4179 et
931 4105 1018 4180 felix
1042 4106 1091 4178 ad
1117 4104 1249 4181 Eccle-

154 4217 230 4293 sias
249 4240 337 4290 suas
356 4217 508 4292 reditus.
