2820 5010
156 352 204 421 52
441 369 653 422 concinunt
679 369 968 421 asnrruonsnss

155 548 267 621 ciclis
283 548 411 645 finem
430 553 520 647 jum
536 548 632 645 fleri
643 548 660 620 l
712 545 766 620 Et
794 544 929 646 singuli
958 546 1256 645 responderunt:

154 662 304 736 Placet.

206 775 320 851 'l'unc
346 776 585 852 Secretarius
612 775 703 875 legit
719 776 913 851 decretum
937 776 986 850 de
1009 773 1255 850 conclusione

157 892 321 990 Synodi:
346 893 434 966 Nos
452 893 640 985 Jsconm,
656 893 978 994 archiepiscopus
1000 892 1256 966 Boltt‘mcrcn·

155 1009 223 1101 sis,
252 1008 394 1106 aliique
422 1008 563 1082 Patres
593 1009 660 1106 qui
688 1008 778 1082 huic
811 1007 984 1082 Concilio
1014 1005 1256 1082 Provincia&

155 1123 414 1196 intersumus:
444 1119 531 1195 cim
556 1122 734 1196 absoluto
758 1122 837 1196 siut
862 1145 949 1219 puoe
966 1147 1044 1221 pro
1070 1121 1254 1221 ternporr‘s

155 1238 307 1311 ratione
328 1239 399 1337 ogi
416 1239 580 1337 gerique
594 1261 712 1336 posse
728 1237 968 1328 uidebantur,
984 1259 1148 1334 cumque
1165 1259 1254 1334 pos·

157 1352 400 1425 toraliscuro
412 1350 824 1426 uusodfteclcsiorum
835 1359 1256 1442 nosoarumstatusm

151 1467 373 1563 postorales
397 1466 556 1565 vigilios
580 1476 752 1554 revocem
770 1476 980 1564 propterca
1003 1465 1093 1539 huic
1119 1475 1254 1538 sancto

160 1578 335 1653 Concilio
339 1579 466 1675 finem
482 1581 632 1679 imponi
648 1581 880 1653 emmas.

205 1690 307 1766 Tum
333 1693 507 1767 Revr‘nus
533 1693 582 1767 D.
608 1693 945 1791 Archiepiscopus,
962 1691 1115 1767 dimissi
1137 1692 1254 1787 mitra,

156 1807 329 1901 surrexit,
346 1820 384 1882 et
401 1821 507 1881 stans
525 1832 656 1881 versus
674 1808 723 1882 ad
742 1809 874 1900 altare,
890 1805 997 1881 dixit:

625 2025 788 2075 OREMUS.

205 2149 350 2224 “Nulla
375 2165 447 2244 est,
463 2150 643 2244 Domine,
660 2151 834 2226 humana
859 2150 1104 2226 conscientias
1127 2150 1253 2244 virtus,

156 2289 240 2362 quae
256 2265 436 2341 inoffense
459 2266 579 2364 possit
600 2279 676 2340 tuae
694 2265 895 2340 voluntatis
914 2265 1059 2364 judicia
1075 2265 1252 2363 experiri3

155 2390 194 2452 et
218 2377 315 2471 ideo,
332 2379 420 2476 quia
444 2380 706 2478 imperfectum
728 2391 900 2455 nostrum
918 2379 1045 2453 vident
1062 2379 1164 2453 oculi
1187 2379 1253 2472 tui,

154 2492 376 2589 perfectioni
399 2493 552 2592 deputa,
573 2493 787 2568 misericors
810 2492 933 2586 Deus,
953 2493 1056 2591 quod
1081 2493 1252 2590 perfecto

155 2607 339 2705 aequitatis
357 2608 431 2681 fine
453 2609 683 2684 concludere
707 2621 966 2707 peroptamus:
991 2620 1030 2682 te
1054 2608 1092 2681 in
1113 2608 1252 2683 nostris

158 2723 346 2821 principiis
382 2749 627 2800 occursorem
660 2725 919 2824 poposcimus,
943 2737 981 2798 te
1011 2724 1049 2797 in
1079 2723 1154 2799 hoc
1180 2725 1254 2799 fine

150 2837 379 2935 judiciorum
396 2851 611 2913 nostrorum
634 2838 859 2913 indultorem
876 2837 1014 2912 nostris
1033 2838 1253 2912 excessibus

155 2976 366 3049 speramuS,
378 2952 535 3045 scilicet,
548 2965 589 3026 ut
606 2952 826 3050 ignorantia
842 2977 991 3052 parcas,
1003 2951 1121 3026 errori
1136 2951 1254 3027 indul·

156 3092 260 3164 geas,
277 3080 319 3140 ut
344 3066 521 3165 perfectis
540 3067 635 3140 votis
662 3066 870 3164 perfectam
895 3067 1019 3164 operis
1043 3064 1252 3141 efficaciam

156 3181 338 3279 largiaris:
358 3193 396 3253 et
410 3181 497 3277 quia
510 3180 742 3255 conscicntia
758 3180 998 3254 remordente
1011 3179 1255 3274 tabescimus,

154 3320 202 3368 ne
220 3307 286 3369 aut
309 3295 519 3394 ignorantia
543 3320 613 3368 nos
638 3293 792 3369 traxerit
815 3295 852 3369 in
876 3318 1056 3386 errorem,
1072 3305 1138 3368 aut
1163 3319 1254 3391 pras

154 3435 247 3507 ceps
265 3410 421 3483 forsitan
439 3411 610 3483 voluntas
636 3409 822 3508 impulerit
838 3409 1023 3509 justitiam
1044 3408 1254 3502 declinare3

155 3524 228 3597 hoc
251 3536 289 3596 te
314 3523 519 3620 poscimuS,
536 3535 574 3596 te
596 3548 787 3623 rogamus,
803 3537 844 3598 ut
870 3524 902 3597 si
926 3523 1015 3620 quid
1036 3522 1253 3597 offensionis

153 3638 191 3712 in
209 3639 282 3711 hac
302 3637 449 3734 Synodi
467 3637 686 3712 celebritate
700 3639 969 3730 contraximus
982 3651 1020 3711 te
1038 3638 1254 3731 miseraute,

154 3753 423 3850 indulgentiam
443 3753 665 3828 sentiamus:
693 3767 735 3829 ut
762 3755 800 3828 in
823 3780 870 3829 eo
893 3753 992 3851 quiid
1016 3754 1174 3828 soluturi
1194 3780 1254 3828 su·

154 3893 237 3941 mus
256 3881 501 3966 aggregatum
514 3868 726 3965 Synodum,
744 3870 764 3942 i
781 3869 929 3943 cunctis
953 3868 1110 3968 primirm
1133 3870 1254 3942 absol·

154 4006 285 4055 ramur
313 3993 528 4056 nostrorum
558 3983 716 4058 nexibus
747 3984 988 4077 delictorum,
1018 3984 1189 4081 qualiter,
1215 3963 1285 4057 et·

152 4108 455 4193 transgressores
474 4097 595 4191 venia,
612 4109 651 4171 et
668 4097 895 4173 confitentes
912 4099 978 4172 tibi
1002 4100 1254 4196 subsequatur

152 4212 405 4287 remuneratio
432 4213 670 4310 sempiterna.
724 4212 801 4287 Per
826 4215 1021 4289 Christum
1046 4213 1254 4289 Dominum

152 4338 333 4400 nostrum.
388 4319 433 4423 li
462 4325 626 4400 Ameu.”
