2820 5010
153 378 223 447 116
433 392 644 448 concruruu
670 398 960 448 ssurruoasnss

151 573 268 648 auditi
292 574 442 669 suerint,
458 586 524 649 aut
549 598 596 648 ex
622 599 670 648 eo
687 573 788 671 qudd
813 573 1073 649 solemnitates
1090 598 1139 649 ac
1155 596 1249 672 qum

151 713 313 785 cumque
332 689 406 763 elia
421 689 550 763 forsan
568 690 754 763 servanda
770 688 918 764 minime
936 703 1088 764 servata
1103 688 1251 779 fuerint,

151 801 360 902 impugnari
386 816 451 878 aut
475 803 513 876 in
540 804 836 878 controversiam
861 804 989 879 vocari
1018 828 1154 902 posse,
1183 802 1249 877 sed
1327 849 1330 855 -

152 917 329 1014 tanquim
352 942 400 992 ex
426 917 637 992 Pontificiae
661 917 903 1015 providentiae
927 918 1052 993 officio
1075 942 1124 992 ee
1148 928 1251 992 motu

153 1032 303 1130 proprio
321 1032 456 1125 factes,
473 1025 688 1107 omnimoda
708 1032 883 1106 firmitate
906 1033 1067 1107 existere
1086 1055 1251 1128 suosque

154 1147 341 1244 plenarios
363 1171 410 1221 ae
431 1147 599 1246 integros
621 1146 782 1222 effectus
804 1148 942 1242 sortiri,
958 1148 1090 1246 sicque
1111 1149 1161 1222 ab
1179 1172 1253 1222 orn·

153 1261 262 1336 nibus
283 1261 450 1354 censeri,
476 1286 522 1336 ac
548 1262 613 1355 ita,
630 1274 669 1336 et
693 1287 770 1336 non
794 1262 883 1336 aliis
907 1287 974 1360 per
992 1283 1251 1360 quoscumque

148 1375 299 1474 judices
325 1375 535 1449 ordinarios
562 1377 620 1450 vel
651 1376 848 1475 delegatos
874 1376 1001 1473 quivis
1026 1376 1252 1451 auctoritate

154 1490 355 1589 fulgentes,
372 1491 518 1565 sublata
534 1490 589 1564 eis
611 1503 650 1565 et
675 1516 806 1565 eorum
824 1491 978 1566 cuilibet
1002 1491 1131 1590 quivis
1148 1491 1253 1565 aliter

149 1604 345 1702 judicandi
362 1630 409 1679 ac
431 1605 700 1703 interpretandi
716 1606 910 1700 facultate,
926 1605 1089 1704 judicari
1110 1615 1151 1679 et
1169 1603 1253 1681 deli·

155 1717 224 1792 niri
242 1719 397 1793 debere:
423 1730 462 1793 et
480 1719 511 1792 si
533 1718 645 1793 sectis
664 1719 852 1818 superbis
870 1720 891 1793 a
908 1744 1112 1817 quoquam,
1127 1718 1252 1817 quivis

156 1834 394 1926 auctoritate,
411 1833 576 1907 scienter
592 1834 651 1908 vel
675 1834 892 1933 ignoranter
914 1833 1116 1933 contigerit
1138 1844 1254 1908 atten-

156 1947 240 2040 tari,
253 1947 395 2022 irritum
412 1972 459 2022 ac
477 1949 588 2023 inane
606 1947 858 2043 decernimus,
874 1961 988 2046 atque
1006 1948 1252 2023 declaramus.

156 2060 246 2134 Non
264 2061 499 2136 obstantibus
517 2062 566 2136 de
584 2063 669 2160 jure
688 2061 845 2159 quoesim
868 2087 947 2138 non
963 2062 1145 2155 tollendo,
1162 2061 1254 2135 eliis·

157 2199 230 2271 que
253 2176 499 2250 C'ancellariae
516 2176 751 2274 Apostolicae
774 2176 925 2276 regulis,
942 2202 1014 2252 nee
1038 2201 1116 2252 non
1133 2177 1255 2275 Apos-

157 2291 279 2365 tolicis
310 2303 349 2365 et
380 2292 635 2389 Synodalibus
664 2292 1019 2386 Constitutionibus,
1043 2291 1254 2388 ceterisque

21 2488 24 2495 ,
157 2405 270 2480 etiam
285 2406 438 2503 speciali
456 2419 494 2480 et
511 2407 697 2481 individua
709 2407 900 2481 mentione
913 2406 1047 2505 dignis,
1058 2405 1097 2479 in
1110 2417 1255 2480 contra-

158 2520 252 2594 rium
274 2520 552 2619 praemissorum
570 2521 699 2612 editis3
723 2521 857 2618 quibus
879 2520 1066 2613 omnibus,
1082 2520 1157 2595 hae
1175 2520 1255 2594 viee

159 2635 367 2726 dumtaxat,
384 2648 423 2708 et
446 2636 496 2709 ad
521 2635 799 2733 praemissorum
823 2634 1013 2728 effectum,
1029 2635 1255 2733 derogamus

159 2772 205 2822 ac
226 2749 449 2846 derogatum
468 2750 753 2823 essevolumus.

209 2861 439 2961 Hujusmodi
463 2876 590 2936 autem
614 2863 820 2937 litterarum
844 2863 1086 2961 transumptis
1105 2887 1175 2936 seu
1200 2887 1257 2936 ex-

159 2976 291 3075 emplis
306 2989 345 3051 et
361 2977 567 3074 impressis,
579 3002 694 3052 manu
710 2977 748 3052 N
750 2978 859 3052 otarii
876 2978 1014 3076 publici
1026 2978 1259 3076 subscriptis,

159 3114 206 3165 ec
225 3091 345 3190 sigillo
373 3117 546 3190 personae
570 3092 607 3166 in
633 3092 907 3167 Ecclesiasticd
924 3093 1104 3190 dignitate
1122 3091 1258 3167 consti-

159 3216 252 3280 tutae
268 3207 431 3300 munitiS,
448 3207 621 3281 eamdem
640 3208 776 3303 ubique
801 3207 985 3301 locorum,
1000 3206 1039 3280 in
1058 3205 1204 3303 judicio
1222 3218 1259 3279 et

161 3337 280 3413 extra,
296 3320 409 3395 fidem
434 3321 591 3417 praeberi
614 3321 798 3413 volumus,
821 3346 905 3418 qnoe
930 3321 987 3395 his
1013 3320 1258 3418 praesentibus

162 3434 375 3527 baberetur,
400 3434 431 3508 si
457 3436 684 3534 originaliter
709 3436 984 3510 exhiberentur.
1035 3435 1139 3510 Nulli
1168 3458 1258 3534 ergo

161 3547 312 3622 omnino
338 3548 530 3622 hominum
555 3550 668 3623 licent
694 3551 792 3624 hanc
819 3551 994 3648 paginam
1023 3561 1166 3624 nostrae
1193 3549 1260 3624 cir·

162 3662 477 3760 cumscriptionis,
500 3664 778 3762 assignationis,
802 3663 1083 3758 immutationis,
1105 3687 1261 3740 conces·

162 3776 291 3869 sioniS,
306 3775 594 3869 commissionis,
611 3778 779 3853 mandati
796 3803 842 3854 ac
861 3778 1075 3871 voluntatiS,
1091 3778 1261 3878 infringe-

162 3916 216 3986 re,
233 3893 292 3966 vel
316 3891 351 3965 ei
374 3915 468 3965 ausu
493 3893 693 3966 temerario
711 3894 910 3968 contraire.
963 3893 1112 3990 Siquis
1134 3905 1261 3968 autern

163 4005 238 4080 hoc
256 4018 442 4080 attentare
461 4009 753 4105 presumpserit,
768 4008 1063 4107 indignationem
1083 4007 1263 4106 Omnipo

161 4121 276 4196 tentis
293 4121 381 4214 Dei,
397 4147 444 4196 ac
468 4125 665 4197 beatorum
684 4124 790 4199 Petri
807 4137 846 4199 et
863 4124 974 4199 Pauli
988 4126 1262 4223 Apostolorum

164 4236 259 4334 ejus,
276 4261 318 4309 se
336 4236 480 4312 noverit
498 4238 743 4313 incursurum.
