2820 5010
538 437 787 489 rnovrucrrnn
815 426 867 488 1'n.
1183 419 1254 490 139

505 713 901 810 instructio

151 936 266 989 CIBCA
296 936 472 990 nectum
498 939 523 990 Δ
550 939 701 991 SYNODO
732 939 973 991 PROVINCIAM
1001 940 1044 991 111
1072 940 1252 992 BALTIMO·

573 1055 684 1106 RENSI
711 1056 834 1106 EDITA.

225 1187 366 1265 ntcn
389 1189 573 1286 Decreta,
588 1215 673 1288 quae
693 1190 796 1267 editu
817 1202 907 1267 sunt
929 1191 950 1267 i
974 1191 1134 1290 Synodo
1160 1192 1252 1269 Pro

159 1352 164 1359 ·
251 1302 401 1380 vincinli
425 1304 706 1400 Beltimoreusi‚
721 1330 854 1380 mense
879 1305 1000 1404 Aprili
1026 1329 1126 1382 enno
1155 1311 1251 1383 1837

154 1417 357 1514 eotcbntt,
374 1419 416 1494 S.
435 1420 693 1521 congregotio
713 1416 894 1495 nonnulle
915 1419 1149 1496 immutando
1164 1444 1253 1497 esse

154 1532 315 1628 censuit,
330 1532 529 1610 etidcirco
544 1535 627 1612 haeo
644 1534 696 1611 R.
715 1534 760 1611 P.
779 1534 828 1609 D.
847 1534 1149 1635 Archiepiscopo
1166 1536 1253 1612 Bel·

154 1646 349 1725 tirnorensi
365 1648 613 1749 significando
621 1649 816 1750 judicarit.

202 1760 339 1862 Itaque
356 1763 460 1862 quod
476 1775 627 1863 spectet
643 1765 693 1839 ad
710 1764 870 1863 primum
893 1764 1103 1840 Decretum
1119 1765 1158 1840 in
1174 1790 1251 1864 quo

153 1877 276 1977 ngiurr
287 1879 336 1954 de
350 1878 558 1955 Ordinibus
575 1879 695 1955 sacris
712 1880 825 1954 titulo
837 1878 1044 1955 nomm
1058 1880 1252 1957 conseren-

154 1992 225 2089 dis,
234 1993 277 2069 S.
291 1994 548 2095 Congregotio
561 1994 742 2071 urbitrutn
753 2007 814 2070 est
825 1994 1040 2071 faciendam
1050 2020 1137 2071 esse
1150 2020 1252 2072 men·

153 2106 518 2210 tionemApostolr'ci
528 2109 696 2184 indulti:
714 2107 826 2185 secus
840 2109 940 2184 enirn
953 2109 1156 2184 existimari
1169 2134 1254 2210 poe

154 2234 214 2298 net
226 2221 516 2299 Ordinationem
533 2247 581 2298 eo
597 2222 707 2298 titulo
723 2222 834 2299 tn'bui
850 2248 966 2322 posse
982 2225 1031 2301 eb
1048 2224 1253 2325 Episcopis

154 2336 340 2412 ordinarii
356 2337 591 2413 auctoritate.
642 2335 817 2413 Necesse
835 2350 896 2412 est
911 2338 1025 2413 etium
1050 2338 1089 2415 in
1113 2364 1273 2417 memo·

155 2463 237 2527 reto
261 2451 433 2528 Decreto
456 2451 672 2552 significari,
688 2476 756 2527 eos
781 2451 843 2549 qui
868 2452 932 2527 illo
957 2452 1066 2528 titulo
1084 2452 1252 2530 Ordines

155 2588 286 2641 sacros
304 2566 526 2664 suscipiunt,
535 2564 801 2665 jusjurandum
813 2566 940 2643 fecere
954 2565 1094 2642 debere
1112 2592 1155 2643 se
1172 2591 1253 2667 per·

155 2679 268 2779 petuo
283 2679 471 2776 Missioni‚
487 2681 549 2757 cui
567 2682 807 2779 deputontur,
823 2705 910 2756 esse
926 2681 1180 2758 inservituros.

201 2794 250 2870 In
272 2795 384 2870 tertio
408 2794 579 2871 Decreto
603 2794 779 2869 statuitur
802 2795 1077 2871 Coeremonieie
1097 2795 1253 2892 editum,

154 2922 266 3009 prout
282 2911 463 3010 Synodus
480 2910 601 3009 primo
616 2909 903 2986 Beltimorensis
925 2910 1171 2987 provincialis
1188 2934 1252 2987 en·

153 3049 202 3101 no
221 3028 320 3101 1829
336 3025 529 3101 celebrato
544 3025 777 3119 decreverat,
789 3024 828 3101 in
845 3025 1018 3100 omnibus
1035 3026 1252 3103 Foederutoe

152 3138 343 3215 Americoe
366 3139 574 3215 Provinciis
598 3163 686 3214 esse
708 3138 950 3215 servendum:
976 3139 1026 3213 de
1049 3163 1097 3214 eo
1120 3151 1249 3216 entem

154 3253 430 3349 Geremoniui,
442 3263 482 3329 et
494 3254 542 3328 de
559 3253 706 3329 Rituali
722 3253 875 3329 nuncin
892 3253 1016 3328 lucem
1029 3253 1193 3349 edendo,
1205 3254 1249 3330 S.

155 3368 412 3468 congregotio
437 3379 615 3465 expectet
639 3379 682 3441 ut
706 3367 756 3441 R.
782 3367 827 3441 P.
851 3366 901 3441 D.
926 3365 1251 3468 Archiepiscopus

154 3481 439 3559 Beltimorensis
456 3493 655 3579 utrumque
679 3482 848 3556 Romam
864 3480 1001 3577 mittut,
1016 3492 1058 3557 ut
1074 3483 1186 3581 quale
1203 3482 1252 3560 sit

154 3597 275 3696 possit
291 3620 538 3696 cognoscere.

200 3712 248 3788 In
269 3711 441 3787 Decreto
458 3722 605 3808 quarto,
622 3710 659 3784 in
677 3735 752 3807 quo
770 3709 892 3810 egitur
909 3710 958 3784 de
982 3709 1091 3785 bonis
1115 3709 1252 3788 Eccle

153 3825 315 3902 siusticis
333 3826 392 3900 vel
416 3824 538 3921 inique
556 3824 759 3922 usurpetis,
775 3825 834 3898 vel
857 3824 1086 3918 interversis,
1101 3825 1151 3899 ed
1176 3850 1252 3902 ser·

154 3939 315 4015 rendum
328 3939 532 4038 Episcopis
547 3939 711 4013 debitum
724 3938 985 4033 reverentiam,
996 3951 1250 4038 opportunum

153 4080 230 4133 non
254 4066 316 4131 est
339 4056 455 4130 verba
479 4054 670 4147 adhibere,
694 4053 738 4128 u·
759 4054 901 4152 aliquis
927 4054 1158 4154 spiscopus,
1180 4066 1250 4130 etc.

153 4170 374 4271 hujucemodi
384 4171 487 4246 bonu
498 4169 702 4258 averterit,·
719 4168 789 4242 scd
801 4166 998 4243 honestius
1012 4168 1083 4244 erit
1099 4170 1252 4266 loqueu-

153 4285 193 4360 di
216 4285 362 4360 ratione
385 4285 452 4379 uti,
469 4286 541 4382 qui
566 4285 729 4360 Sacrum
753 4280 966 4359 Concilium
986 4281 1250 4360 Tridentinum

156 4400 269 4498 (Sese.
288 4403 351 4494 2⁶2,
371 4399 464 4500 Gap.
486 4405 529 4472 ll
556 4398 617 4474 De
642 4396 744 4495 Res.)
770 4397 818 4474 de
835 4396 966 4475 eidem
991 4398 1146 4475 mutent
1169 4421 1251 4496 per·
