2820 5010
153 393 224 465 14⁸
437 412 650 464 concisum
678 410 967 465 ssarruounss

182 727 346 779 Paulwa
371 727 616 778 msruttsnrlo
643 726 764 780 suen
789 727 1075 779 onsnuvamonn
1102 725 1219 778 ruam

311 842 495 894 SECUNDAE
521 842 725 894 resonans
750 843 798 893 ET
823 841 1097 894 vendacem&

200 1018 436 1094 Bumrssmn
455 1018 602 1113 Perua,

230 1162 557 1240 RAVISSIMIS
573 1162 853 1239 difficultatibus
863 1163 951 1240 clun
964 1163 1120 1238 Fideles
1132 1163 1249 1263 subja·

246 1290 361 1355 ceant
372 1278 411 1352 in
424 1278 531 1353 hisce
543 1276 759 1377 regionibus
772 1279 899 1375 quoad
912 1276 1056 1352 diemm
1069 1277 1249 1352 festorum

151 1392 468 1487 observationem,
484 1391 763 1467 Beatitudinem
781 1392 958 1467 Vestram
977 1390 1250 1491 implorandam

150 1504 339 1602 duximus,
363 1519 406 1582 ut
436 1507 610 1606 dignetur
637 1530 706 1581 eos
736 1506 883 1582 solvere
913 1505 1252 1605 obligationeque

150 1621 340 1722 plerisque
358 1621 397 1696 iu
414 1620 642 1696 dioeccsibus
656 1621 769 1722 viget,
780 1621 956 1697 servandi
970 1620 1103 1695 feriam
1121 1644 1253 1695 secun·

152 1736 241 1814 dam
265 1736 468 1812 Paschatis
486 1748 525 1811 et
546 1735 814 1831 Pentecosten,
829 1735 883 1811 ito
898 1748 940 1810 ut
959 1735 1040 1835 jam
1056 1759 1136 1810 non
1151 1745 1254 1809 tene

150 1862 262 1927 antur
278 1849 441 1925 Missam
458 1850 601 1945 audire,
616 1850 676 1925 vel
693 1852 741 1925 ab
759 1850 936 1948 operibus
959 1849 1154 1924 servilibus
1172 1850 1254 1923 ebs-

149 1966 271 2041 tinere
304 1965 349 2038 iis
383 1965 528 2040 diebus.
588 1963 800 2040 Precamur
828 1965 938 2065 igitm
972 1962 1253 2040 Beetitudinem

152 2080 343 2174 Vestram,
359 2091 401 2154 ut
424 2079 550 2154 habiti
571 2079 717 2154 ratione
741 2078 1001 2154 difficultatum
1021 2078 1256 2178 specialium,

152 2195 329 2295 dignetur
352 2193 509 2268 Fideles
532 2218 665 2269 omnes
689 2193 727 2271 in
752 2193 858 2271 hisce
883 2193 1093 2270 Provinciis
1118 2196 1257 2297 degen-

151 2320 225 2405 tes,
244 2333 361 2383 onere
383 2307 558 2384 servandi
577 2309 780 2407 praedictos
801 2310 882 2385 dies
903 2309 1080 2407 tanqudm
1100 2310 1256 2387 festivos

154 2424 314 2499 solvere.

201 2538 411 2633 Baltimori,
426 2542 477 2613 22
493 2537 635 2636 Aprilis
655 2542 761 2613 1837.

544 2837 863 2934 luculum

152 3066 180 3114 S.
210 3063 540 3113 CONGREGATIONIS
567 3063 778 3115 causantis
804 3065 854 3115 DE
881 3064 1129 3115 inornatum
1157 3067 1256 3137 FIDE,

203 3179 316 3228 CIRCA
341 3178 667 3228 Disrunsn‘rlonunt
687 3178 807 3230 SUPER
828 3179 1044 3236 UTRlUSQUE
1070 3180 1175 3230 susm
1196 3183 1256 3230 ΟΒ·

204 3294 450 3344 SERVATlONE.

226 3459 306 3533 UM
331 3459 424 3532 RR.
438 3459 518 3533 ΡΡ.
531 3460 620 3535 DD.
634 3460 958 3560 Archiepiscopus
970 3460 1256 3535 Baltimorensis

250 3585 289 3647 et
315 3573 499 3670 Episcopi
526 3574 734 3650 dioecesum
760 3575 798 3650 in
825 3574 1040 3649 Foederatis
1067 3575 1258 3649 Americae

154 3686 470 3784 Septentrionalis
505 3687 716 3763 Provinciis
746 3689 998 3782 existentium,
1026 3688 1064 3762 in
1097 3690 1257 3787 Synodo

152 3801 380 3876 Provinciali
401 3827 532 3876 mense
552 3804 672 3902 Aprili
696 3809 914 3879 ann01837
938 3804 1137 3878 Baltimori
1161 3805 1259 3878 cele-

152 3917 258 3988 brati
279 3917 515 4015 congregati,
533 3919 664 3993 SSffro
686 3918 736 3992 D.
759 3918 807 3993 N.
827 3920 1033 3993 Guncoaro
1061 3917 1142 3992 ΡΡ.
1162 3918 1257 3991 XVI

152 4028 312 4127 supplici
329 4030 454 4104 libello
471 4031 640 4106 Romam
655 4033 784 4126 misso,
796 4034 992 4108 retulerint
1005 4056 1158 4132 gravem
1172 4057 1258 4106 esse

152 4144 410 4218 difficultatem
442 4147 641 4243 quominus
673 4148 863 4224 Catholici
897 4149 935 4224 in
967 4149 1012 4222 iis
1043 4148 1258 4247 regionibus

152 4270 358 4352 morantes,
371 4259 462 4334 serii
480 4261 648 4335 secunda
665 4260 868 4337 Paschatis
883 4276 922 4338 et
939 4263 1195 4337 Pentecostes
1210 4263 1258 4336 ab

151 4372 328 4472 operibus
346 4373 541 4449 servilibus
555 4373 758 4469 abstinere,
771 4389 810 4450 et
828 4378 905 4451 SS.
919 4377 1052 4452 Missae
1069 4376 1258 4452 sacrificio
