2820 5010
580 369 810 423 rnrnrarurr.
858 353 861 359 '

300 674 628 743 CONGREGA'I'IO
649 673 864 739 SECUNDA
886 673 1099 753 penulas,

402 851 514 895 courir
534 850 599 904 uir,
622 849 708 892 nens
728 831 748 892 4
768 848 796 891 r.
818 849 856 891 rr.
877 848 1010 893 assiri.

202 986 392 1060 Auruncu
435 984 572 1060 Patres
606 1006 738 1058 ornnes
772 992 814 1058 ut
854 1007 980 1078 mane,
1013 994 1054 1058 et
1093 982 1246 1082 insuper

152 1097 474 1175 Milwauchiensis
500 1098 563 1198 qui
588 1096 701 1172 bodie
725 1096 974 1172 Baltimorum
991 1097 1155 1191 advenit,
1171 1095 1248 1195 qui-

151 1236 226 1310 que
243 1211 341 1287 Rev.
360 1212 405 1288 P.
425 1214 639 1287 Auronruru
665 1211 858 1307 Sounion,
875 1211 921 1287 Ο.
940 1211 1017 1286 SS.
1035 1210 1086 1285 R„
1105 1211 1249 1285 thecle

154 1351 242 1424 gum
261 1351 371 1401 suum
389 1325 609 1426 designavit.

204 1440 375 1515 Adfuerc
389 1440 503 1516 etiam
521 1440 748 1539 Superiores
760 1438 949 1515 Ordinum
964 1436 1250 1539 Religiosorum

155 1578 202 1629 ac
221 1554 583 1655 congregationum,
599 1579 751 1631 necnon
768 1566 808 1629 et
823 1553 1001 1655 theologi.

203 1668 309 1744 Inter
325 1670 525 1769 theologos
543 1669 795 1768 disceptatum
813 1678 873 1743 est
890 1668 938 1743 dc
955 1678 1063 1743 recta
1078 1667 1252 1766 juventu·

154 1782 202 1856 tis
218 1782 458 1859 instituendae
473 1783 631 1877 ratione,
648 1785 772 1882 deque
790 1783 931 1860 scholis
949 1782 1157 1859 catholicis.

326 2054 652 2121 OONGREGATIO
675 2054 852 2120 TERTIA
873 2053 1085 2135 Fulvius,

335 2234 390 2275 nur
412 2234 579 2289 urrunnu,
605 2215 641 2277 12
662 2234 744 2288 uun,
768 2233 855 2276 noni
876 2215 922 2287 11,
945 2231 1075 2275 nrurrr.

209 2367 453 2441 Annunnuur
479 2367 616 2443 Patres
643 2367 706 2465 qui
723 2368 826 2461 heri3
851 2379 890 2442 et
914 2367 1067 2466 insuper
1093 2365 1255 2444 Ludovi-
1328 2380 1330 2384 ’

161 2480 412 2578 copolitanus‚
429 2492 468 2554 et
486 2481 527 2555 S.
547 2480 669 2574 Pauli,
686 2480 749 2578 qui
774 2481 1022 2556 Baltimorurn
1039 2482 1254 2557 advenerat.

208 2594 505 2694 Pittsburgensis
530 2594 656 2668 retulit
680 2618 736 2689 se,
752 2616 798 2669 ac
824 2595 918 2670 alios
944 2594 1081 2670 Patres
1106 2596 1155 2669 ad
1180 2595 1255 2669 boc

161 2709 345 2802 delectos,
362 2709 534 2782 examine
551 2709 668 2803 sacto,
686 2708 859 2808 judicare
876 2709 1030 2784 Reviiio
1047 2708 1092 2784 P.
1110 2707 1255 2783 Msnrn

161 2822 362 2897 Eurnorro
390 2821 543 2915 Abbati,
559 2821 710 2895 nonnisi
734 2833 862 2898 votum
879 2822 1130 2897 consultivum
1156 2848 1257 2898 com·

161 2949 303 3032 petere,
313 2960 400 3010 cum
408 2935 711 3034 jurisdictionem
726 2935 1103 3035 quasi-episcopalem
1116 2937 1257 3011 nullam

162 3049 309 3124 habeat.

211 3163 406 3238 Statutum
424 3175 484 3237 est
500 3164 787 3265 supplicandum
806 3190 892 3240 esse
911 3165 952 3239 S.
972 3165 1079 3259 Sodi,
1095 3177 1137 3239 ut
1155 3163 1258 3262 privi-

163 3277 360 3377 legium,vi
373 3278 481 3377 cujus
495 3278 617 3353 forma
634 3279 673 3353 in
690 3279 835 3354 Rituali
851 3279 1030 3354 Romano
1049 3279 1173 3377 posita
1190 3304 1258 3377 pro

162 3391 387 3489 baptismate
422 3392 673 3489 parvulorum,
698 3393 738 3466 in
766 3392 872 3468 hisce
906 3391 1115 3468 Provinciis
1146 3392 1258 3466 etiam

163 3530 232 3605 pro
256 3505 483 3603 baptismate
509 3507 722 3582 adultorum
747 3507 802 3582 uti
826 3507 928 3601 licet,
953 3508 1011 3582 vel
1037 3519 1259 3607 perpetuum

163 3619 242 3713 fiat,
259 3621 318 3694 vel
335 3620 471 3695 saltem
489 3621 538 3694 ad
564 3620 692 3721 viginti
717 3645 839 3696 annos
861 3620 996 3697 iterum
1014 3621 1258 3697 concedatur.

212 3735 450 3809 Adveniente
468 3735 563 3810 bora
575 3735 794 3829 meridiana,
807 3737 957 3833 quando
976 3737 1024 3811 de
1042 3735 1261 3810 nominatio-

165 3848 273 3924 nibus
293 3862 376 3924 erat
392 3851 595 3950 agendum,
613 3850 871 3926 discesserunt
888 3849 1102 3927 Secretarii.
