2820 5010
585 364 814 417 cinnamon.
1205 346 1249 416 13

152 561 227 634 qne
262 538 557 638 Religiosorum,
591 540 1014 639 Congregationumque
1056 565 1249 639 proceres,

152 676 302 726 necnon
321 665 360 726 et
376 652 438 726 alii
455 653 628 751 permulti
648 656 883 748 sacerdotes,
900 655 938 727 in
955 655 1098 730 aedibus
1116 657 1249 731 Archi-

154 764 445 864 episcopalibus,
467 768 567 842 unde
594 768 768 841 ordinata
796 768 1053 866 processione,
1077 794 1145 867 per
1170 771 1248 845 vias

153 860 474 977 frequentissimas
492 881 825 980 Metropolitanum
840 884 1042 958 ecclesiam
1062 884 1103 957 S.
1115 884 1250 960 Mariae

154 1005 287 1090 petunt
304 995 594 1093 Archiepiscopi
611 1008 650 1070 et
675 997 1103 1096 Episcopi'pluvialibus
1129 999 1249 1074 induti

155 1131 201 1182 ac
219 1108 356 1203 mitris,
381 1111 513 1184 Abbas
531 1124 658 1185 autem
678 1113 718 1186 S.
735 1111 869 1186 Mariae
886 1113 934 1185 de
952 1111 1119 1209 Trappa,
1135 1114 1250 1210 pluvi·

155 1221 203 1294 ali
220 1234 261 1296 et
285 1223 412 1317 mitra3
438 1225 624 1299 Ordinum
650 1225 934 1325 Religiosorum
959 1250 1005 1300 ae
1033 1227 1249 1325 Congrege-

155 1336 298 1410 tionum
324 1337 549 1436 Superiores
574 1340 633 1412 vel
662 1340 893 1437 pluvialibuS,
917 1340 978 1413 vel
1003 1338 1158 1413 Ordinis
1187 1342 1249 1414 ha·

156 1451 247 1545 bitu,
263 1476 310 1526 ac
326 1452 473 1544 biretis,
500 1454 733 1549 Sacerdotes
760 1455 914 1528 tandem
938 1453 1166 1527 indumentis
1192 1480 1249 1528 sa-

155 1567 421 1662 cerdotalibus,
439 1568 544 1641 stolis
561 1593 698 1665 nempe
716 1581 754 1642 et
771 1569 941 1666 planetis.

205 1682 258 1756 Ut
271 1683 504 1780 processioni
515 1683 574 1757 via
592 1696 739 1781 pateret
754 1685 852 1758 inter
865 1686 994 1760 turbas
1007 1686 1248 1761 densissimas

156 1808 235 1871 tum
263 1798 440 1891 fidelium,
467 1808 547 1871 tum
581 1799 892 1894 acatholicorum,
922 1801 1065 1874 curavit
1098 1802 1251 1899 egregia

157 1911 334 1987 Societas
346 1912 531 2010 juventuti
547 1913 744 1988 catholicae
761 1912 896 2007 amica,
909 1939 993 2011 quae
1010 1915 1084 1989 hoc
1101 1940 1251 2011 munus,

155 2037 235 2099 tum
262 2026 387 2118 hodie,
404 2038 483 2100 tunr
511 2027 825 2124 quandocumque
854 2028 1049 2124 processio
1075 2029 1249 2104 facienda

157 2153 250 2233 erat,
277 2164 324 2212 eo
353 2141 505 2234 decore,
530 2164 577 2213 ea
606 2165 697 2238 erga
726 2166 858 2214 omnes
885 2166 1032 2215 morum
1067 2143 1250 2217 suavitate

156 2254 346 2351 persolvit,
363 2266 405 2328 ut
421 2255 587 2329 omnium
605 2256 736 2329 laudes
755 2257 983 2353 plaususque
1002 2257 1135 2332 merito
1154 2259 1251 2334 exci-

158 2381 274 2466 peret.

207 2483 281 2557 Ubi
308 2508 397 2556 vero
425 2483 475 2557 ad
503 2482 705 2557 ecclesiam
735 2497 955 2579 perventum
982 2498 1053 2578 est,
1078 2487 1250 2560 omnibus

158 2598 270 2672 sedes
307 2598 416 2695 juxta
450 2597 619 2670 ordinem
653 2596 910 2694 adsignantur,
943 2600 1250 2697 Archiepiscopis

158 2712 309 2809 quidem
327 2722 366 2784 et
382 2711 584 2809 Episcopis
603 2735 759 2784 scamna
772 2723 905 2785 omata
923 2713 1110 2787 hincinde
1128 2737 1151 2784 a
1166 2714 1253 2787 dex·

157 2826 224 2899 tris
242 2838 281 2899 et
298 2850 321 2898 a
339 2825 495 2899 sinistris
510 2826 636 2899 altaris
654 2825 824 2923 majoris3
842 2827 978 2900 ceteris
990 2851 1078 2900 vero
1096 2851 1253 2901 scamna

158 2951 237 3013 tum
255 2940 365 3032 intra,
381 2952 460 3014 tum
475 2952 581 3013 extra
594 2941 786 3015 cancellos
802 2940 920 3033 chori,
932 2964 1082 3014 necnon
1096 2953 1135 3014 et
1151 2944 1252 3039 apud

159 3053 291 3127 altaria
309 3054 350 3127 S.
365 3053 391 3125 J
393 3053 525 3151 osephi
543 3065 581 3127 et
598 3052 697 3127 Boni
713 3053 902 3126 Pastoris:
927 3078 1003 3126 non
1022 3054 1121 3127 enim
1139 3056 1254 3128 omni-

158 3169 228 3243 bus
246 3169 344 3242 intra
361 3170 518 3244 chorum
544 3168 702 3243 sedendi
720 3169 867 3265 copiam
894 3168 1061 3265 permisit
1079 3171 1253 3244 sacerdo·

159 3293 251 3374 tum,
267 3281 499 3379 aliorumque
518 3282 726 3355 multitudo.

221 3395 382 3470 Missam
416 3397 464 3471 de
500 3396 641 3494 Spiritu
684 3406 818 3470 sancto
855 3396 1057 3470 celebravit
1094 3396 1255 3494 ipsemet

160 3509 333 3585 Revffius
352 3523 390 3584 et
406 3510 538 3584 Illffius
556 3510 605 3583 D.
619 3510 940 3608 Archiepiscopus
956 3510 1256 3603 Baltimorensis,

161 3623 276 3698 Sedis
291 3626 523 3723 Apostolicae
540 3625 764 3724 DelegatuS,
778 3625 839 3699 cui
856 3625 1081 3698 adstiterunt
1099 3626 1255 3700 archidi-

160 3762 318 3832 aconus,
343 3739 456 3813 Adm.
476 3738 572 3812 Rev.
591 3738 640 3811 D.
659 3739 704 3812 F.
725 3736 919 3830 Laeuus,
946 3739 1140 3831 diaconae,
1157 3738 1254 3814 Rev.

161 3855 338 3926 Annxrus
355 3852 392 3925 J.
411 3852 568 3943 Ennea,
593 3852 860 3945 subdiaconus,
886 3851 982 3925 Rev.
1002 3851 1051 3924 D.
1071 3852 1256 3926 Canopus

160 3965 216 4040 M.
235 3967 281 4039 E.
301 3966 499 4058 vomens,
526 3966 674 4040 diaconi
696 3991 785 4040 vero
805 3967 916 4064 juxta
940 3967 1116 4039 thronum
1140 3968 1256 4041 adsis·
1369 4042 1372 4047 .

160 4094 298 4176 tentes,
310 4081 423 4155 Adm.
439 4081 535 4154 Rev.
551 4081 599 4155 D.
616 4082 821 4157 Hunnrcus
839 4082 885 4155 B.
900 4082 1086 4156 Cosuenr
1101 4092 1140 4155 et
1157 4081 1253 4156 Rev.

161 4194 210 4268 D.
231 4194 399 4269 Tnouns
416 4194 563 4268 Fonev.
