2820 5010
144 388 215 465 118
427 407 640 468 concursu
666 410 956 469 anurruonrusu

140 601 182 665 et
208 588 316 664 nno
343 589 393 664 D.
417 590 593 666 Jossrno
622 592 804 667 Αιιτοιιιο
834 592 876 667 S.
902 591 954 667 R.
979 590 1027 668 Ε.
1054 593 1246 669 cardinali

141 704 261 799 Sans,
272 705 422 779 censuit
439 730 486 780 ac
504 706 672 782 decrevit
688 706 726 782 in
744 707 788 781 el
804 731 846 781 re
859 730 946 781 esse
960 709 1151 784 semanda
1164 730 1245 807 qua

143 831 369 916 sequuntur:

193 931 292 1008 Cltm
305 932 431 1030 aliqua
444 933 570 1009 Sedes
588 933 828 1064 Episcopalis
842 935 1044 1030 vacaverit,
1056 937 1244 1035 requiren-

143 1046 233 1122 dum
247 1058 306 1121 est
323 1045 604 1145 Episcoporum
617 1049 784 1123 omnium
801 1048 1013 1124 Provincias
1030 1049 1244 1126 Ecclesias-

142 1161 228 1236 ticae
237 1154 470 1262 suffiagium
493 1163 541 1237 de
568 1163 841 1239 Sacerdotibus
864 1163 1033 1263 singulis,
1056 1165 1122 1263 qui
1148 1166 1241 1241 Sedi

143 1276 378 1374 Apostolicae
407 1277 698 1353 commendandi
732 1302 818 1352 esse
848 1279 1021 1353 videntur
1049 1304 1119 1377 pro
1149 1280 1243 1355 novi

140 1389 326 1489 Episcopi
352 1391 548 1466 electione.
601 1391 796 1474 Quoniam
821 1391 908 1467 verb
935 1393 1038 1468 idm
1065 1395 1240 1471 Concilio

140 1504 368 1580 Provinciali
383 1504 556 1581 facillime
574 1516 613 1580 et
629 1505 807 1582 accurata
824 1506 906 1582 fieri
931 1519 1070 1607 potest,
1086 1509 1121 1584 si
1143 1509 1242 1585 intra

139 1630 218 1695 tres
231 1642 383 1695 menses
396 1621 444 1696 ab
458 1619 562 1695 obitu
575 1618 759 1720 Episcopi
773 1620 987 1697 Concilium
1000 1621 1239 1700 Provinciale

139 1733 356 1811 habendum
379 1745 453 1828 est,
477 1735 716 1835 expectanda
739 1734 810 1810 erit
833 1735 996 1811 Concilii
1020 1737 1240 1833 celebratio,

139 1851 340 1948 antequam
353 1849 403 1925 ad
416 1849 741 1926 commendandos
755 1849 989 1925 Sacerdotes
1002 1849 1066 1947 qui
1078 1850 1240 1951 Episco

138 1974 231 2063 patu
256 1962 358 2064 digni
382 1975 599 2057 censentur,
623 1964 673 2040 od
704 1963 746 2039 S.
773 1964 1121 2065 congregationem
1150 1968 1239 2043 scri

138 2079 259 2154 batur.
276 2077 341 2154 ΔΙιι
354 2077 529 2154 Concilio
546 2089 687 2172 autem,
698 2076 846 2153 collatis
862 2076 960 2153 inter
972 2102 1015 2154 se
1028 2080 1239 2177 sententiis,

137 2192 323 2293 Episcopi
339 2204 507 2269 statuant
520 2217 616 2292 quos
630 2193 863 2269 Sacerdotes
878 2192 920 2268 S.
938 2192 1033 2267 Sedi
1045 2218 1237 2272 commen-

137 2308 229 2384 dent
249 2307 334 2384 verd
357 2308 517 2384 idoneos
539 2318 579 2382 et
599 2307 648 2383 de
670 2306 849 2383 Ecclesia
868 2305 964 2383 bene
986 2307 1157 2404 meritos,
1173 2310 1236 2409 qui

136 2424 264 2501 Sedes
287 2436 468 2500 vacantes
491 2423 697 2519 obtineant,
720 2423 778 2499 vel
803 2423 1046 2522 Coadjutoris
1069 2424 1235 2501 officium

135 2540 344 2641 suscipiant
359 2540 455 2616 illius
473 2538 669 2640 Episcopi,
685 2537 748 2637 qui
765 2537 902 2614 auxilio
920 2538 1166 2639 Coadjutoris
1184 2541 1235 2617 in·

136 2656 266 2757 digere
283 2667 496 2732 censeatur.

186 2772 305 2855 Quod
323 2782 473 2869 spectat
485 2767 572 2844 verb
585 2768 633 2843 ad
649 2792 762 2843 casus
776 2767 923 2865 quibus,
935 2780 1047 2865 prout
1060 2769 1232 2869 superius

132 2898 316 2962 statutum
334 2898 406 2981 est,
423 2883 584 2963 Concilii
601 2881 845 2957 Prouincialis
863 2882 1067 2957 celebratio
1085 2909 1163 2959 non
1181 2887 1233 2960 ita

132 3003 304 3102 proxima
321 3001 382 3096 sit,
398 3025 447 3076 no
470 3000 595 3074 Sedes
616 2996 855 3095 Episcopalis
877 2996 1090 3093 aliquandiu
1108 3013 1231 3096 vacet,

132 3117 291 3217 primum
309 3118 384 3193 hoc
397 3111 625 3214 magnopere
639 3122 890 3210 opportunum
903 3111 1007 3185 factu
1020 3124 1092 3207 est,
1104 3125 1146 3188 ut
1160 3116 1231 3190 sin·

131 3234 208 3332 guli
232 3232 417 3331 Episcopi
440 3231 584 3305 litteras
603 3225 833 3323 subscriptas
855 3234 895 3298 et
915 3223 1036 3324 sigillo
1054 3229 1230 3324 munitas,

131 3347 271 3445 duplici
279 3344 576 3444 exemplo,apud
587 3366 628 3416 se
640 3338 956 3437 habeantquibus
964 3339 1230 3439 contineantur

129 3464 284 3541 nomina
295 3463 408 3537 trium
422 3460 557 3534 saltem
571 3455 838 3549 Sacerdotum,
850 3477 945 3551 quos
963 3453 1123 3531 idoneos
1137 3459 1229 3532 arbi-

127 3591 274 3654 trentur
291 3579 340 3652 od
361 3572 572 3651 Dioecesim
593 3570 808 3669 regendam.
859 3567 931 3642 Eae
947 3579 1074 3642 autem
1096 3571 1228 3647 litteroe

126 3696 181 3771 ita
195 3691 358 3768 exteriirs
371 3686 562 3787 obsignari
580 3685 732 3778 debent,
744 3695 786 3758 ut
803 3680 1025 3757 adveniente
1043 3682 1226 3785 Episcopi

126 3823 261 3900 morte,
278 3805 432 3883 Vicario
451 3799 629 3878 Generali
645 3799 840 3874 tradendae
856 3820 943 3870 esse
960 3795 1227 3897 intelligantur:

125 3925 299 4001 Vicarius
328 3918 416 3996 verb
444 3913 643 3992 Generalis
674 3913 832 3987 alterum
859 3934 989 3985 earum
1018 3909 1225 3988 litterarum

125 4041 339 4139 exemplum
353 4037 403 4112 ad
417 4029 772 4130 Archiepiscopum,
782 4025 940 4100 alterum
954 4024 1004 4098 ad
1017 4027 1228 4158 propinqui—

124 4181 243 4251 orem,
260 4155 318 4230 vel
341 4152 391 4227 ad
415 4148 604 4225 seniorem
622 4168 669 4219 ex
687 4142 834 4218 duobus
857 4139 1062 4237 Episcopis
1081 4142 1226 4239 propin·

125 4273 316 4372 quiorihus
331 4265 577 4344 deferendum
590 4269 708 4336 curet.
752 4255 813 4330 Eo
831 4254 1038 4329 litterarum
1052 4256 1224 4354 exemplo

123 4400 300 4489 accepto,
316 4383 535 4484 Episcopus
555 4370 797 4473 propinquior
813 4370 863 4445 ad
881 4368 1224 4470 Archiepiscopum
