2820 5010
205 399 257 471 82
493 419 705 471 concrmuu
732 420 1021 471 ssnrruoasnsa

208 594 357 670 sancita
381 606 482 689 sunt,
504 595 636 693 sedulo
661 608 880 694 sequantur,
900 621 969 695 pro
995 597 1183 696 prudente
1208 598 1312 675 Reli·

208 709 329 810 gionis
343 710 482 803 studio,
492 709 685 785 Ordinarii
696 711 994 811 uniuscujusque
1008 712 1046 787 in
1060 715 1129 787 sud
1140 712 1312 790 Dioecesi

208 826 360 901 statutis
377 840 418 900 et
428 826 546 925 jussis
564 851 715 925 semper
731 852 810 925 prae
826 828 947 902 oculis
965 827 1112 903 habitis.

258 940 427 1016 XXVII.
455 942 730 1017 Sacerdotibus
756 942 930 1017 omnibus
957 944 1167 1018 curandum
1193 955 1255 1019 est
1270 955 1311 1019 ut

208 1067 315 1130 veste
339 1055 448 1129 talari
474 1067 513 1130 et
538 1055 812 1155 superpelliceo
838 1057 876 1130 in
895 1057 997 1130 omni
1021 1081 1133 1132 sacro
1155 1082 1311 1133 munere

208 1170 387 1247 obeundo
399 1182 563 1247 utantur.
615 1169 667 1245 Iis
686 1171 799 1245 etiam
812 1171 1057 1246 vehementer
1069 1173 1312 1248 commenda·

204 1310 290 1361 mus
321 1298 363 1361 ut
392 1297 536 1360 restem
566 1286 724 1360 talarem
754 1296 987 1380 constanter,
1012 1285 1200 1384 quatenirs
1228 1286 1309 1362 fieri

207 1401 341 1499 possit,
353 1411 502 1501 gerant:
526 1398 626 1497 qudd
639 1400 672 1474 si
685 1423 771 1474 eam
787 1400 945 1475 induere
962 1400 1169 1499 peculiaria
1181 1426 1308 1478 rerum

206 1514 388 1615 adjuncta
404 1540 481 1590 non
499 1515 637 1609 sinant,
648 1514 738 1612 ipsis
757 1514 908 1589 omnino
924 1515 1152 1614 injungimus
1169 1515 1216 1591 iis
1232 1528 1311 1591 tan

209 1627 289 1704 tirm
307 1628 362 1704 uti
383 1629 549 1703 vestibus
568 1652 653 1727 quae
678 1653 749 1703 suo
767 1641 980 1728 congruant
1004 1628 1139 1722 ordini,
1154 1630 1314 1724 scilicet,

208 1766 294 1842 quae
310 1742 406 1842 nigri
423 1743 498 1817 sint
518 1742 671 1837 coloris,
687 1755 727 1817 et
744 1742 846 1817 omni
862 1742 964 1817 irrani
981 1754 1117 1817 ornatu
1142 1756 1313 1839 careant,

208 1857 360 1956 sintque
384 1859 432 1932 ab
459 1856 561 1931 omni
586 1857 777 1932 mundana
800 1858 966 1932 versitate
991 1856 1146 1956 proretis
1169 1857 1312 1932 abente.

257 1970 446 2046 XXVIII.
473 1970 629 2045 Eritent
658 1971 856 2070 diligenter
890 1972 1125 2048 Sacerdotes
1159 1997 1312 2049 omnem

209 2085 378 2162 illicitum
395 2085 542 2162 ludum:
559 2097 674 2184 atque
692 2086 807 2161 etiam
823 2088 872 2161 ab
886 2086 1060 2162 omnibus
1075 2087 1313 2185 quibuscum·

208 2225 284 2298 que
307 2200 405 2275 ludis
429 2201 657 2296 abstineant,
674 2201 746 2277 etsi
768 2201 807 2276 in
830 2201 944 2276 animi
967 2201 1233 2296 diversionem,
1248 2202 1313 2302 qui

197 2315 392 2390 ‘scandalo
410 2339 498 2390 esse
515 2315 673 2414 possint.

258 2429 409 2505 XXIX.
436 2430 671 2506 Sacerdotes
685 2455 832 2525 omnes,
845 2431 979 2528 quibus
993 2455 1087 2507 cura
1102 2430 1313 2507 animarum

209 2543 415 2621 commissa
428 2556 501 2639 est,
512 2569 710 2619 monemus
726 2545 893 2620 muneris
912 2546 1015 2644 quod
1032 2545 1103 2621 sibi
1118 2546 1315 2642 incumbit,
1386 2574 1389 2579 ·

209 2659 389 2758 populum
408 2658 478 2734 sibi
495 2659 680 2735 creditum
698 2659 905 2753 edocendi,
925 2659 1089 2758 ideoque
1101 2661 1214 2759 juxta
1230 2660 1314 2736 'I'ri-

208 2773 352 2849 dentini
370 2773 532 2848 Concilii
549 2785 685 2849 sancta
701 2785 857 2867 statuta,
873 2774 1086 2849 Dominicis
1107 2775 1314 2874 Festisque

208 2887 354 2983 diebus,
366 2888 470 2962 brevi
485 2887 763 2987 perspicuoque
777 2912 967 2981 sermone,
980 2887 1212 2963 audientium
1225 2912 1313 2988 cap

207 3001 263 3078 tui
278 3002 586 3096 accommodato,
598 3027 666 3076 eos
683 3001 773 3077 fidei
789 3002 977 3100 mysteriis
994 3002 1193 3097 instruant,
1206 3015 1246 3078 et
1262 3004 1312 3078 ad

207 3117 384 3194 virtutum
408 3117 629 3193 exercitium
653 3116 765 3192 etad
789 3116 877 3190 vitia
899 3116 1079 3216 fugienda
1102 3116 1310 3193 hortentur.

142 3276 152 3283 -
209 3233 356 3308 Carent
368 3232 482 3307 etiam
496 3244 550 3326 ut,
560 3233 671 3330 juxta
685 3232 856 3330 ejusdem
876 3231 1026 3329 Synodi
1038 3243 1194 3327 statuta,
1206 3231 1313 3331 pueri

207 3348 322 3423 rudes
352 3346 486 3421 iisdem
513 3346 645 3421 diebus
671 3346 800 3420 aliisve
825 3344 1047 3443 opportunis
1077 3347 1310 3443 temporibus

207 3461 420 3536 rudimenta
440 3459 530 3534 fidei
553 3460 805 3553 edoceantur3
828 3484 903 3535 nec
925 3460 1101 3534 omittant
1123 3459 1194 3559 ipsi
1218 3459 1312 3536 Pas·

208 3589 313 3652 tores
330 3600 378 3650 ea
394 3575 565 3650 familiari
582 3600 757 3650 sermone
776 3576 975 3675 explicare.

258 3690 386 3767 XXX.
414 3690 604 3765 Praesules
622 3691 816 3765 hortamur
833 3690 1101 3792 maximopere,
1117 3703 1160 3767 ut
1176 3717 1310 3767 omnes

213 3806 449 3882 Sacerdotes
468 3803 605 3902 saepiirs
623 3818 803 3912 moneant
824 3807 882 3880 sui
903 3805 1015 3880 officii
1033 3830 1250 3900 munerum3
1274 3819 1314 3882 et

208 3923 259 3997 ad
276 3920 533 4019 quotidianam
550 3919 847 4014 meditationem,
863 3946 1010 3997 annuos
1027 3947 1218 4017 recessus,
1235 3923 1313 3997 col·

209 4036 370 4112 lationes
389 4033 614 4133 spirituales,
627 4035 829 4134 gratiarum
843 4036 1015 4111 actiones
1032 4049 1122 4136 post
1138 4036 1314 4129 Missam,

209 4151 357 4249 aliaque
370 4148 520 4249 pietatis
532 4149 725 4243 exercitia,
736 4162 848 4248 prout
859 4151 986 4228 sinunt
998 4152 1199 4252 cujuslibet
1210 4150 1315 4226 Dice

209 4265 308 4345 cesis
327 4264 632 4359 circumstantiae,
648 4264 824 4340 excitent.
