2820 5010
552 430 804 482 raovrnomuu
831 431 855 480 1.
1204 408 1250 479 41

152 604 408 706 iTlreologis
432 619 561 684 tamen
585 604 674 704 quid
700 604 866 681 sentiant
889 603 1024 680 iterim
1046 604 1255 703 exquirere,

152 744 201 794 ac
235 721 415 795 fusiorem
448 720 738 819 explicationem
772 718 958 794 sciscitari
990 718 1081 818 ipsis
1115 718 1253 794 licebit

152 838 187 906 4.
214 835 307 908 Alto
324 835 472 910 silentio
491 847 709 934 prementur
725 859 774 909 ca
790 859 875 931 quae
890 834 929 908 in
945 833 1255 933 Congragationi·

152 950 225 1023 bus
243 952 303 1023 vel
321 950 496 1024 dicuntur
513 949 571 1025 vel
589 961 760 1048 aguntur.

204 1063 381 1161 Denique
414 1066 531 1139 latum
565 1075 625 1138 cst
658 1063 870 1138 Decretum
907 1068 941 1157 l,
967 1063 1070 1161 quod
1104 1062 1255 1161 incipit:

159 1176 354 1267 Qmom
369 1177 522 1278 soepibs.

341 1430 539 1492 SECUNDA
561 1430 857 1492 CONGREGATIO
878 1429 1067 1491 PUBLICA.

204 1624 251 1698 Iu
270 1624 577 1724 Congregationo
596 1626 761 1700 secundi
780 1624 938 1723 publici,
955 1650 1040 1722 quae
1056 1625 1117 1700 die
1137 1633 1158 1699 5
1177 1626 1256 1702 Oc·

155 1739 287 1832 tobris‚
303 1740 395 1814 honi
411 1742 542 1838 quarti
558 1740 603 1815 P.
623 1739 678 1814 Μ.
697 1740 736 1813 iu
753 1740 975 1814 Catbedrali
995 1739 1172 1815 Ecclesib
1191 1740 1255 1814 ha·

155 1852 235 1927 bita
259 1866 332 1946 est,
355 1855 514 1929 aderant
544 1853 696 1929 Praelati
726 1865 765 1928 et
790 1853 980 1953 Theologi
1004 1878 1148 1928 omues.
1201 1853 1255 1929 Hi

156 1966 291 2066 rogati,
304 1993 393 2043 suas
411 1968 619 2043 sententias
637 1979 866 2066 aperuerunt
882 1966 931 2042 de
945 1967 1054 2041 variis
1072 1992 1156 2064 quoe
1174 1992 1256 2065 pro·

157 2081 291 2178 positae
313 2094 402 2158 sunt
427 2081 708 2181 quaestionibus,
724 2080 870 2156 scilicet
894 2082 942 2156 dc
964 2082 1193 2181 obligatione
1217 2081 1256 2156 in

119 2244 122 2250 -
158 2195 316 2271 dioecesi
332 2196 481 2295 proprii
491 2197 682 2291 manendi,
694 2209 734 2271 ct
747 2197 795 2271 de
812 2195 857 2270 iis
875 2221 958 2293 quae
971 2196 1258 2294 exigendasunt

158 2308 181 2384 ὲ
209 2310 424 2386 Sacerdote
453 2311 518 2410 qui
547 2310 654 2385 alteri
688 2310 860 2385 Dioecesi
894 2310 1057 2385 adscribi
1087 2310 1255 2386 voluerit.

158 2423 307 2500 Actum·
321 2437 381 2500 est
403 2427 517 2501 ctiam
543 2427 591 2501 de
616 2425 737 2523 poenis
754 2449 801 2501 ac
819 2426 934 2500 modo
960 2425 1193 2523 procedendi
1218 2425 1256 2499 in

161 2538 334 2614 clericos
352 2539 575 2617 criminosos
593 2539 651 2615 vel
669 2551 888 2638 suspectos3
914 2541 984 2614 sed
1005 2540 1181 2637 quoniam
1203 2539 1258 2614 roi

161 2653 324 2751 gravitas
349 2654 403 2728 ita
426 2654 617 2752 postulare
635 2655 842 2747 videbatur,
858 2655 907 2729 de
930 2654 974 2728 iis
995 2652 1129 2730 iterium
1146 2678 1258 2754 agen·

161 2766 251 2842 dum
268 2767 306 2842 in
315 2772 451 2866 >quarti
466 2768 614 2867 publici
628 2768 946 2868 congregatione,
959 2768 1020 2843 dic
1037 2773 1061 2843 7
1075 2766 1257 2844 Octobris

162 2881 347 2976 habendi,
364 2895 546 2958 statutum
563 2894 633 2957 ost.

349 3142 546 3203 SECUNDA
567 3140 864 3203 conusuonuto
885 3138 1075 3200 PRIVATA.

213 3338 292 3412 Drs
319 3342 342 3411 6
368 3337 562 3429 Octobris,
582 3337 673 3411 nort
696 3337 830 3411 octava
852 3335 900 3410 Α.
919 3333 974 3408 Μ.
998 3334 1174 3428 Sacrum,
1191 3360 1259 3434 pro

164 3477 285 3546 more,
301 3465 361 3527 ost
385 3451 649 3551 pontificaliter
672 3450 903 3526 celebratum
928 3449 949 3523 a
973 3448 1126 3524 Revmo
1152 3450 1261 3550 Epis·

165 3592 265 3666 copo
280 3566 603 3666 Carolopolitano,
614 3564 875 3640 assistentibus
893 3564 1064 3639 Praelatis
1083 3577 1121 3640 et
1134 3564 1261 3642 Theo

166 3682 277 3781 logis:
303 3681 439 3757 concio
457 3680 584 3756 habita
604 3693 663 3754 est
684 3681 705 3753 i
727 3679 881 3754 Revnto
905 3679 1101 3778 Episcopo
1125 3679 1260 3755 Bouto

167 3821 297 3871 mensi

216 3909 315 3985 Cium
326 3910 363 3984 in
375 3910 633 3985 Secretarium
643 3908 892 3983 recessissent
902 3907 1067 4000 Praelati,
1079 3920 1259 3983 statutum

168 4036 226 4098 est
248 4024 419 4099 Decreta
442 4022 612 4117 Petrum,
634 4046 718 4120 quoe
740 4022 779 4095 in
801 4021 943 4119 privati
967 4021 1149 4096 Sessione
1174 4048 1262 4097 con-

169 4140 318 4233 duntur,
335 4141 456 4238 pal‘am
476 4138 514 4215 in
536 4137 684 4236 publici
701 4136 1008 4237 Congragatione
1031 4137 1204 4236 legenda,
1219 4150 1262 4212 ut

170 4253 370 4354 Theologi,
386 4253 419 4329 si
439 4254 636 4328 verborum
657 4251 782 4350 aliqua
798 4250 955 4327 mutatio
973 4250 1148 4326 facienda
1165 4252 1263 4327 vide·

319 4488 341 4556 6
