2820 5010
449 430 549 481 Anno
583 425 645 477 1110
669 429 824 482 SANGI'H.

440 662 466 712 0.
490 660 539 710 DE
567 659 829 712 seonsoltrsUS.

142 834 313 917 Qusnno
330 859 380 910 ne
404 861 501 911 unus
520 836 671 933 quidem
689 860 849 935 sponsor
869 833 1027 910 obtineri
1046 845 1185 932 potest,

90 961 205 1045 atque
223 949 341 1024 adest
356 950 452 1024 ratio
468 951 685 1050 baptizandi
708 951 901 1045 infantem,
917 963 1008 1025 tunc
1033 949 1182 1037 omissis

91 1064 285 1139 consuetis
310 1065 545 1159 ceremoniis,
562 1065 597 1139 ei
622 1065 900 1140 administretur
924 1061 1069 1137 tantitm
1086 1063 1183 1161 Bau

91 1176 204 1252 tisma
218 1179 322 1276 quod
340 1190 478 1254 vocant
493 1179 696 1254 Privatum.

180 1461 203 1512 7.
228 1459 278 1510 DE
305 1460 556 1511 ELBEMOSYNA
580 1461 652 1510 PRO
679 1460 799 1510 Missis
826 1459 1094 1510 anesnnnms.

142 1636 293 1709 Hserrn
318 1635 462 1710 ratione
490 1635 598 1734 pretii
622 1636 792 1711 ciborum
822 1645 1109 1732 ceterorumque
1134 1636 1184 1710 ad

92 1749 205 1823 vitam
234 1750 534 1825 necessariorum
562 1749 600 1823 in
631 1749 711 1824 dies
741 1748 962 1843 crescentie,
990 1749 1183 1823 retributio

92 1889 162 1962 pro
188 1865 261 1937 und
280 1863 420 1962 privati
444 1862 564 1938 Missi
587 1864 812 1939 celebrandi
836 1874 985 1938 taxatur
1009 1864 1059 1940 ad
1085 1864 1186 1939 dimi·
1255 1950 1258 1956 .

93 1978 195 2053 diam
212 1986 357 2077 partem
375 1978 515 2054 nummi
533 1978 760 2054 Americani.

449 2265 472 2315 0.
497 2263 547 2314 DE
574 2262 824 2313 MATnlmonro.

140 2438 376 2537 Complures
393 2452 636 2513 occurrerent
653 2438 904 2533 difficultates,
920 2439 952 2512 si
969 2438 1185 2537 praescribe-

93 2578 219 2628 remus
236 2552 320 2652 lege
347 2552 511 2650 generali
527 2564 570 2627 ut
586 2552 712 2640 omnia
735 2553 971 2628 matrimonia
995 2553 1033 2626 in
1051 2552 1187 2628 Eccle-

94 2667 158 2743 siis
176 2666 468 2761 celebrarentur,
478 2667 588 2765 juxta
604 2678 769 2741 mentem
783 2678 822 2741 et
839 2667 982 2766 praxim
999 2668 1100 2743 orbis
1115 2668 1188 2742 Ca-

88 2781 236 2875 tholici,
252 2792 515 2879 praematurum
534 2781 785 2879 judicavimus
811 2781 883 2857 hac
910 2783 958 2856 de
983 2806 1024 2855 re
1049 2781 1188 2879 aliquid

96 2897 311 2972 decernere.
363 2893 504 2970 Verdm
529 2920 661 2969 omnes
680 2893 862 2970 Pastores
883 2896 1130 2970 admonemus
1147 2907 1189 2970 ut

84 3009 194 3085 banc
220 3009 319 3108 piam
344 3009 657 3085 consuetudinem
686 3008 881 3083 Fidelibus
911 3009 1191 3103 commendent,

97 3148 302 3221 eorumque
319 3123 465 3197 animos
490 3123 540 3197 ad
557 3148 642 3198 eam
659 3123 761 3198 brevi
777 3135 947 3222 tempore
964 3123 1190 3221 amplecten-

96 3238 184 3312 dam
202 3237 412 3336 disponant.

420 3523 443 3574 e.
470 3521 519 3571 us
547 3483 658 3572 cums
684 3520 864 3572 ruemcrs.

146 3697 290 3772 Onnes
307 3697 491 3772 Pastores
505 3698 712 3772 animarum
729 3697 861 3773 iterdm
879 3711 992 3796 atque
1006 3698 1112 3773 enixe
1130 3700 1193 3774 ad·

95 3839 305 3909 monemus,
314 3825 356 3889 ut
369 3813 523 3888 Fideles
537 3813 607 3888 sibi
620 3813 859 3909 commissos,
871 3826 951 3889 tum
964 3813 984 3889 ὲ
999 3826 1193 3914 suggestu,

95 3940 174 4003 tum
199 3930 237 4003 in
255 3928 405 4027 privatis
424 3929 501 4004 suis
527 3928 834 4003 instructionibus
859 3930 979 4028 magis
997 3929 1192 4028 magisque

95 4044 313 4120 abstrahere
339 4057 524 4118 conentur
554 4043 574 4116 ei
604 4043 728 4117 studio
760 4054 799 4116 et
827 4043 1039 4118 inordinato
1063 4068 1192 4118 amore

96 4158 293 4233 Ludorum
315 4171 354 4233 et
374 4158 518 4233 illarum
535 4156 842 4251 oblectationum,
859 4157 993 4256 quibus
1016 4183 1091 4232 non
1110 4158 1191 4232 sine

96 4274 261 4371 periculo
276 4275 412 4348 adesse
427 4282 600 4372 possunt,
611 4283 653 4347 ut
671 4285 730 4347 cst
746 4272 962 4370 frequenter
975 4273 1078 4346 adire
1092 4272 1193 4347 The-

97 4400 230 4482 atrum,
247 4388 409 4463 Chorois
435 4387 641 4486 indulgere,
658 4400 730 4462 etc.
782 4387 894 4486 Ipsos
916 4386 1055 4485 pariter
1072 4387 1193 4484 probi·
