2820 5010
592 292 822 414 suession.
1209 340 1259 412 23

156 538 808 639 sempervirginis,necnonaliorum
822 537 1053 614 Sanctorum
1064 538 1259 613 habendas

159 665 201 728 et
225 652 442 728 retinendas
468 677 568 747 esse,
584 663 700 751 atque
726 652 782 727 eis
808 651 976 728 debitum
1003 651 1188 728 honorem
1213 676 1260 727 ac

159 767 442 842 venerationem
458 766 756 864 impertiendam.
806 764 1130 866 Indulgentiarum
1146 766 1261 841 etiarn

159 892 390 980 potestatem
421 904 446 954 a
470 879 625 955 Christo
654 881 692 956 in
719 879 901 956 Ecclesia
929 879 1099 957 relictam
1127 880 1261 973 fuisse,

160 995 383 1092 illarumque
407 1019 519 1069 usum
537 993 754 1070 Christiano
781 994 922 1093 populo
939 994 1101 1070 maxime
1126 995 1263 1070 saluta·

160 1133 248 1184 rem
259 1133 347 1183 esse
363 1107 519 1182 affirmo.
572 1108 757 1184 Sanctam
771 1107 1024 1201 Catholicam,
1041 1119 1080 1182 et
1093 1108 1263 1206 ⁴Aposto-

160 1223 272 1298 licam
298 1222 517 1297 Romanam
545 1222 778 1317 Ecclesiam,
802 1221 969 1297 omnium
998 1221 1263 1298 Ecclesiamm

162 1349 334 1431 matrem,
350 1348 391 1412 et
406 1337 625 1438 magistram
643 1361 833 1438 agnosco3
858 1337 1116 1436 Romanoque
1133 1336 1263 1413 Ponti-

160 1452 237 1546 fici,
251 1452 354 1527 beati
370 1452 476 1528 Petri
487 1450 958 1552 Apostolorum-principis
975 1453 1202 1547 successori,
1214 1477 1262 1529 ae

160 1566 258 1642 Jesu
276 1565 419 1642 Christi
435 1566 588 1642 Vicario
602 1591 728 1642 veram
747 1567 999 1644 obedientiam
1017 1569 1202 1667 spondeo,
1214 1592 1262 1645 ac

156 1681 256 1781 juro.
308 1682 451 1756 Cetera
479 1681 570 1755 item
600 1681 727 1756 omnia
755 1705 780 1755 a
811 1682 931 1758 sacris
944 1724 947 1729 >
961 1681 1194 1777 Canonibns,
1223 1694 1263 1758 ot

164 1792 432 1870 OEenmenicis
455 1793 652 1888 conciliis,
674 1818 721 1870 ac
749 1795 937 1895 praecipue
965 1820 989 1871 a
1016 1808 1264 1872 sacrosancta

164 1908 390 1983 Tridentina
423 1908 584 2007 Synodo
613 1908 764 2002 tradita,
791 1909 959 2004 definita,
988 1922 1028 1984 et
1057 1909 1264 2005 declarata,

163 2023 417 2098 indubitanter
432 2022 576 2121 recipio
601 2034 716 2122 atque
742 2023 940 2121 profiteor3
965 2019 1152 2123 simulque
1174 2050 1264 2101 con·

165 2138 280 2213 traria
296 2138 436 2232 omnia,
451 2148 567 2236 atque
592 2137 757 2214 haereses
775 2163 1033 2238 quascumque
1059 2142 1107 2216 ab
1125 2139 1261 2217 Eccle

165 2253 223 2327 sia
252 2254 464 2347 damnatas,
488 2263 528 2328 et
554 2254 730 2353 rejectas,
752 2265 791 2329 et
816 2254 1167 2350 anathematizatas,
1190 2280 1263 2354 ego

166 2367 305 2465 pariter
316 2368 469 2461 damno,
478 2366 621 2466 rejicio,
632 2380 671 2443 et
681 2368 970 2444 anathematizo.
1008 2366 1124 2445 Hanc
1137 2393 1263 2444 veram
1327 2407 1329 2410 ·

167 2481 407 2557 Catholicam
425 2481 552 2571 fidem,
568 2493 676 2557 extra
692 2506 805 2580 quarn
823 2508 936 2559 nemo
954 2480 1079 2565 salvus
1097 2507 1184 2558 esse
1201 2508 1265 2581 po-

167 2607 255 2692 test,
271 2619 384 2694 qoam
402 2595 439 2670 in
456 2596 633 2695 praesenti
653 2606 789 2695 sponte
815 2597 1008 2695 profiteor,
1024 2609 1063 2672 et
1080 2597 1265 2673 veraciter

166 2713 293 2805 teneo,
320 2712 494 2787 eamdem
521 2710 719 2810 integram,
745 2722 785 2785 et
810 2710 1039 2806 inviolatam,
1066 2735 1187 2814 usqne
1214 2712 1265 2786 ad

166 2838 377 2901 extremum
400 2825 485 2901 vitae
509 2824 692 2925 spiritum,
716 2824 1023 2901 constantissime
1041 2825 1144 2924 (Deo
1162 2826 1266 2926 adju-

167 2944 296 3038 vante)
312 2939 487 3034 retinere,
511 2951 550 3014 et
573 2939 757 3034 confiteri,
781 2950 896 3038 etque
920 2963 946 3013 a
972 2941 1067 3016 meis
1094 2941 1266 3036 subditis,

168 3055 228 3130 vel
243 3054 330 3148 illis,
345 3078 505 3152 quorum
522 3079 616 3130 cura
639 3055 689 3129 ad
705 3078 768 3129 me
783 3054 823 3128 in
839 3076 995 3130 monere
1013 3080 1100 3130 meo
1117 3067 1265 3154 specta·

166 3169 234 3264 bit,
249 3167 383 3261 teneri,
400 3167 543 3263 doceri,
559 3180 599 3242 et
623 3167 831 3266 praedicari,
848 3178 1028 3266 quantum
1046 3167 1085 3242 in
1102 3193 1164 3243 me
1181 3169 1266 3263 erit,

169 3295 399 3376 curaturum,
422 3280 510 3381 Ego
535 3282 637 3357 idem
661 3281 712 3357 N.
739 3282 925 3381 spondeo,
940 3305 1073 3376 voveo,
1098 3304 1145 3357 ac
1165 3283 1265 3382 juro.

170 3396 239 3472 Sic
256 3419 318 3470 me
333 3395 443 3470 Deus
461 3395 626 3495 adjuvet,
636 3406 677 3470 et
688 3394 771 3470 hmo
784 3406 919 3470 sancta
932 3395 1008 3470 Dei
1021 3394 1267 3496 Evangelia.”

219 3624 397 3700 Tandem
415 3623 723 3725 Congregatione
749 3622 920 3721 proxima
936 3622 974 3697 in
992 3623 1092 3698 diem
1110 3649 1268 3722 soquen-

170 3753 249 3815 tem
277 3739 432 3834 indicta,
458 3750 498 3813 et
523 3737 798 3813 Benedictione
828 3738 876 3811 ab
903 3736 1016 3812 luno
1045 3750 1084 3812 et
1112 3738 1266 3814 Rsvno

170 3854 473 3953 Archiepiseopo
491 3851 769 3945 Baltimorensi,
781 3851 884 3926 clero
901 3853 1117 3951 populoque
1135 3853 1269 3953 imper·

170 3969 251 4063 tita,
268 3992 401 4043 omnes
418 3992 466 4042 eo
484 3991 560 4064 quo
585 3966 818 4041 advenerant
842 3965 986 4060 ordine,
1005 3990 1092 4042 sese
1117 3992 1269 4065 proces·
1396 4049 1405 4059 ,

169 4083 361 4160 sionaliter
377 4083 427 4157 ad
444 4082 546 4157 aedes
565 4079 924 4181 Archiepiscopales
941 4095 1176 4182 receperunt.
