2820 5010
148 329 201 399 40
240 399 248 416 ,
440 348 650 400 concrnruu
676 349 963 401 nsnrruonnusn

153 524 202 598 D.
237 522 635 618 Neo-Aurelianensis,
666 525 729 600 cui
761 525 986 601 adstiterunt
1015 526 1229 602 archidiaco

152 618 237 731 itus,
267 639 379 713 Adm.
410 637 507 717 Rev.
538 639 588 713 D.
619 638 664 712 F.
697 638 895 731 Leonum
920 640 1118 734 diaconus,
1147 639 1230 714 Rev.

153 753 203 826 D.
231 752 447 826 Enunnuus
473 751 681 843 Qurotnr3
707 744 974 847 subdiaconus,
998 754 1096 829 Rev.
1126 754 1174 828 Α.
1204 752 1233 826 J.

155 865 313 940 Eunus:
357 863 506 940 diaconi
540 890 628 940 vero
663 890 780 963 prope
814 867 990 941 thronum
1023 868 1235 942 assistentes

153 980 258 1054 suere
277 980 390 1054 Adm.
408 978 505 1052 Rev.
525 979 575 1053 D.
595 979 645 1053 H.
666 979 711 1052 Β.
732 980 930 1073 Cosnsar,
946 993 985 1055 et
1011 981 1110 1055 Rev.
1129 983 1180 1057 D.
1197 980 1236 1056 Τ.
1281 1020 1286 1037 ·

153 1095 301 1168 Fonsr.

198 1223 388 1296 Absoluta
411 1219 547 1314 Missa,
571 1220 796 1294 concionem
820 1222 870 1295 ad
903 1223 1084 1321 populum
1115 1222 1239 1298 babuit

151 1336 282 1409 Illmus
309 1347 347 1408 et
372 1335 545 1408 Revffius
576 1336 626 1409 1).
651 1334 922 1409 Bostoniensis.
975 1336 1077 1409 Dein
1105 1337 1242 1411 cantati

152 1464 241 1525 sunt
254 1451 387 1547 psalmi
401 1463 439 1524 ot
452 1450 642 1524 orationes
654 1451 764 1548 juxta
777 1450 996 1549 praescripta
1010 1451 1241 1527 Pontificalis

153 1564 319 1638 Romani
337 1590 404 1662 pro
423 1565 551 1639 ultima
570 1564 762 1638 Sessione.

202 1680 274 1752 His
301 1678 425 1771 finitis,
443 1678 680 1753 Secretarius
706 1679 784 1751 alta
800 1703 894 1753 voce
911 1680 1068 1779 perlegit
1092 1682 1245 1757 decreta

152 1794 289 1886 omnia,
306 1793 349 1866 iis
368 1793 535 1890 exceptis
554 1819 638 1890 quae
662 1793 866 1869 Dominica
883 1796 1116 1891 praecedenti
1141 1798 1241 1872 lecta

152 1919 191 1979 et
212 1908 419 2004 approbata
443 1907 602 1981 fuerunt.
654 1906 766 1981 Tunc
783 1906 947 1981 instante
973 1908 1126 1985 Revffio
1154 1911 1243 1985 Pro

154 2031 313 2114 motore‚
329 2020 502 2095 Revffrus
521 2033 559 2093 et
576 2020 707 2093 Illmus
727 2020 1050 2120 Archiepiscopus
1067 2023 1244 2099 Baltimo

152 2133 273 2205 rensis
299 2134 435 2208 Patres
461 2135 646 2209 allocutus
673 2144 749 2209 est:
783 2133 969 2209 Placetne
993 2137 1113 2232 cobis,
1138 2164 1244 2213 verte

151 2246 292 2320 roblles
317 2247 487 2340 Fratres,
503 2249 583 2322 lcoec
601 2271 685 2345 quae
710 2249 809 2321 lecto
824 2260 916 2322 cunt
933 2251 1086 2325 decretu
1110 2277 1245 2351 uppro

153 2361 256 2453 bure,
280 2372 317 2433 et
342 2360 600 2457 confirmare?
652 2360 838 2434 Omnibus
864 2373 991 2436 autem
1015 2366 1243 2463 responden·

152 2473 264 2565 tibus
289 2472 435 2566 Placet,
459 2474 729 2573 approbamus,
746 2473 1045 2570 confirmaverim
1070 2502 1118 2551 ex
1144 2505 1244 2554 man·

155 2588 243 2660 dato
264 2588 434 2684 ejusdem
459 2587 600 2661 Revffri
624 2588 816 2681 Praesidis,
840 2589 878 2662 id
904 2591 1148 2686 proclamavit
1177 2595 1243 2668 Se·

155 2703 350 2794 meterius
368 2701 424 2773 bis
442 2703 584 2777 verbis:

202 2818 299 2909 Nos,
324 2816 557 2890 Franciscus
582 2817 786 2910 Patritt'ua
811 2818 1131 2920 drcbiepiscopus
1157 2823 1243 2897 Bol-

155 2932 385 3022 trecorensis,
403 2942 437 3004 et
465 2933 574 3004 Sedis
598 2931 828 3029 Apostolicce
854 2934 1080 3033 Delegatus,
1102 2939 1242 3035 aliique

153 3046 439 3143 drcbiepiscopi
473 3058 510 3119 et
543 3046 738 3144 Episcopi,
763 3048 806 3119 ire
830 3047 901 3120 boc
926 3074 1038 3122 sacro
1069 3050 1241 3126 Concilio

155 3161 338 3232 Plenorio
356 3160 530 3250 adunati,
547 3161 699 3233 decreta
714 3160 796 3233 lroec
814 3186 899 3256 quoe
916 3187 1008 3235 mox
1024 3164 1125 3238 lecta
1141 3178 1242 3258 soret,

154 3273 424 3371 approbamur,
441 3286 477 3347 et
495 3274 774 3370 confirmamus.

204 3385 352 3459 Deinde
370 3388 505 3461 Patres
524 3413 656 3461 omnes
676 3389 837 3462 decretis
856 3416 969 3488 super
986 3393 1104 3465 altare
1123 3396 1241 3492 majus

154 3500 285 3598 positis
304 3500 455 3573 nomina
466 3503 575 3598 juxta
593 3503 760 3576 ordinem
779 3506 1044 3603 subscripsere.

204 3615 376 3688 Revmus
395 3627 433 3687 et
449 3615 579 3689 Illmus
599 3619 646 3690 D.
667 3617 949 3692 Baltimorensis
967 3633 1056 3694 tunc
1076 3645 1099 3693 a
1125 3621 1242 3696 Patri-

154 3731 224 3802 bus
251 3729 367 3826 petiit,
384 3754 471 3802 num
498 3730 552 3802 eis
578 3732 745 3827 placeret
771 3733 926 3806 decreta
955 3733 1026 3805 ista
1044 3735 1092 3807 ad
1124 3737 1241 3832 pedes

157 3845 274 3917 ssni
291 3844 340 3915 D.
358 3843 405 3916 N.
425 3844 541 3940 Papae
558 3870 625 3941 per
641 3870 773 3919 manus
792 3847 1076 3945 Chicaginensis
1096 3849 1243 3942 deferri,

157 3970 198 4031 ut
228 3959 268 4030 S.
299 3958 411 4030 Sedis
436 3959 609 4032 revisioni
640 3972 676 4032 et
706 3961 951 4057 recognitioni
981 3961 1242 4059 subjiciantur:

156 4071 217 4144 eui
235 4095 364 4143 omnes
383 4070 552 4144 lubenter
569 4097 765 4146 assensum
783 4076 1028 4171 praebuerunt.

205 4185 335 4258 Illffius
362 4197 399 4257 et
424 4186 596 4260 Remus
622 4188 670 4260 D.
697 4189 1015 4286 Archiepiscopus
1041 4189 1240 4264 Neo-Eho·

156 4296 324 4372 racensis
343 4322 498 4395 surgens
517 4300 612 4373 inter
637 4300 788 4396 Patres;
803 4314 892 4377 tunc
911 4303 1059 4376 nomine
1078 4304 1242 4378 omnium
