2820 5010
155 381 225 452 η’)
436 400 648 450 concrnruu
676 399 966 451 antrrnonanss

152 579 341 653 consolari
356 577 498 677 jugiter
516 577 691 676 dignatus
709 598 762 651 cs.
814 575 904 650 'ribi
923 575 1019 669 laus,
1034 574 1101 650 tibi
1123 575 1251 664 honor,

152 693 219 768 tibi
236 693 356 794 gloria
371 693 409 768 in
428 693 622 785 saeculum,
639 692 733 766 etin
749 704 944 767 aeternum.

200 809 353 884 drclaid
380 807 609 882 Beatissimo
637 807 857 899 Gnaoonro,
881 805 1000 905 Papae
1024 818 1065 880 et
1086 803 1252 880 Domino

92 1011 95 1015 .
153 909 297 1018 nostro,
313 935 457 999 sanctae
474 921 695 997 universalis
720 921 910 997 Ecclesiae
935 919 1127 1013 Pontifici,
1144 943 1254 994 cunc·

152 1053 275 1114 tarum
301 1038 481 1112 Gentium
502 1036 730 1131 obedientia,
747 1048 786 1110 et
804 1035 1010 1111 Christiani
1033 1033 1198 1109 nominis
1217 1032 1253 1106 iu

153 1176 305 1227 omnem
322 1163 463 1226 terram
479 1149 713 1250 propagatio.

207 1254 367 1343 Gitonis.
392 1266 559 1340 Domine
570 1266 693 1359 Deus,
704 1265 997 1341 Sanctissimum
1007 1264 1166 1340 Patrem
1178 1283 1255 1360 gra·

153 1382 203 1456 tia
231 1382 295 1455 tud
321 1381 490 1472 custodi3
520 1392 562 1454 ut
590 1404 640 1454 eo
669 1380 916 1479 gubernante,
943 1380 1091 1454 Gentes
1119 1387 1254 1452 sancto

153 1519 253 1570 rerae
275 1494 365 1571 fidei
393 1493 532 1569 lumine
562 1493 737 1592 perfusa,
760 1494 799 1569 in
824 1519 941 1570 unum
966 1492 1158 1569 Ecclesiae
1182 1501 1254 1565 tue

153 1609 249 1685 ovile
268 1609 502 1708 colligantur.
919 1594 923 1599 ’

203 1724 359 1799 drclrid
386 1721 633 1816 Patriarchis,
645 1734 685 1798 et
702 1723 1028 1822 Archiepiscopia,
1044 1734 1085 1798 st
1100 1722 1257 1821 Episoo

154 1837 212 1935 pis
229 1837 403 1912 omnibus
421 1820 596 1911 salutaris
614 1836 813 1935 vigilantia

208 1952 368 2027 Caum.
396 1951 504 2025 Deus
518 1951 635 2025 Pater
645 1950 839 2045 luminum,
848 1951 994 2027 illustm
1003 1951 1143 2027 faciem
1153 1964 1254 2027 tuam

154 2090 269 2164 super
285 2090 416 2139 servos
433 2078 539 2158 tuos,
567 2065 738 2140 accende
756 2067 876 2141 corda
892 2090 1024 2143 eorum
1041 2066 1079 2142 in
1096 2067 1255 2142 editoe

153 2180 296 2256 tionem
313 2180 483 2278 corporis
501 2180 564 2253 tui.

203 2295 355 2370 drcidd.
383 2294 578 2369 Fidelibus
612 2292 826 2370 Provincia
859 2307 1012 2390 nostrie,
1041 2307 1080 2369 et
1114 2296 1255 2393 populo

155 2409 371 2484 Christiano
390 2409 577 2502 universo,
594 2431 669 2506 pax
687 2408 829 2484 Christi
846 2421 997 2484 aeterna.

208 2525 367 2600 Chorus.
395 2522 608 2618 Memento,
622 2522 790 2598 Domine
814 2525 938 2618 Deus,
953 2524 992 2598 in
1016 2525 1255 2622 beneplacito

154 2640 281 2739 populi
304 2639 370 2733 tui,
387 2651 426 2713 et
443 2638 628 2713 confirma
648 2637 688 2711 in
711 2638 814 2713 omni
831 2637 966 2713 virtute
990 2664 1146 2739 grossus
1163 2640 1257 2739 ejus,

154 2767 452 2855 perpetuumque
473 2764 548 2827 tuae
572 2752 847 2828 benedictionis
864 2777 989 2829 rorem
1015 2753 1067 2828 illi
1091 2753 1255 2829 infunde.

202 2870 356 2945 drchd.
414 2866 836 2943 Reverendissimorum
886 2867 997 2968 hujus
1047 2868 1259 2945 Provincia

154 2985 434 3084 Episcoporum
458 2985 507 3058 ad
533 2982 734 3058 Ecclesiae
751 3007 842 3058 suas
867 2985 1025 3077 reditus,
1039 3009 1130 3059 cum
1156 2983 1257 3084 spiri

154 3100 245 3176 tuali
261 3100 387 3175 fructu
404 3098 604 3174 uberrimo.

207 3214 367 3290 Chorus.
395 3212 535 3288 Deduc
559 3237 640 3306 eos,
660 3212 840 3304 Domine,
856 3211 894 3286 in
919 3213 1018 3286 viam
1043 3225 1203 3309 rectam,
1219 3227 1256 3288 at

154 3327 271 3428 dirige
298 3352 451 3427 gressus
477 3352 609 3402 eorum
634 3327 672 3400 in
693 3327 790 3400 viam
816 3327 935 3425 pacis,
951 3340 991 3401 et
1015 3329 1064 3402 ad
1090 3329 1256 3404 dandam

154 3443 351 3518 scientiam
370 3442 501 3517 salutis
519 3441 619 3540 plebi
635 3453 720 3516 tuae.

203 3557 355 3632 drchid.
383 3555 683 3651 Nos,‚Domine,
708 3557 869 3653 operarii
898 3557 935 3631 in
961 3558 1125 3632 messem
1152 3572 1255 3634 tuam

154 3671 271 3765 missi,
287 3670 324 3743 in
346 3670 449 3744 omni
475 3694 590 3767 opere
615 3672 717 3745 bono
739 3671 984 3746 ministerium
1006 3685 1179 3747 nostrum
1198 3697 1258 3747 ex·

155 3787 316 3884 plentes,
332 3784 504 3858 Decreta
520 3796 655 3857 sancta
673 3799 918 3882 exequentes,
935 3786 1037 3885 digni
1054 3788 1258 3862 reddamur

153 3898 409 3976 misericordia
432 3909 470 3972 et
496 3898 613 3997 gratiis
629 3899 756 3998 magni
780 3911 819 3973 et
840 3901 1007 3998 supremi
1032 3901 1257 3977 Sacerdotis

153 4015 180 4088 J
182 4038 254 4090 asu
269 4015 432 4091 Cnnrsrr
451 4014 544 4107 Dar,
556 4013 817 4089 intercedente
831 4015 942 4091 simui
958 4017 1069 4093 beati
1086 4017 1170 4115 ejus
1184 4017 1257 4091 Ge

153 4129 287 4206 nitriae
304 4129 452 4223 Mirm,
468 4142 508 4204 et
524 4130 699 4204 omnibus
717 4129 884 4204 Sanctis.

206 4245 367 4320 cmm.
395 4245 537 4338 Amen,
552 4268 674 4319 amen.
