2820 5010
163 389 240 465 254
453 405 664 457 concruruu
690 404 977 459 anumuonausa

545 646 880 793 uuouuuuu

166 953 194 1004 S.
224 948 552 1002 couoaacmoms
580 948 790 999 dannanus
817 949 867 999 DE
889 946 1233 1017 manendumne,

285 1065 336 1115 DE
355 1062 664 1114 conl-'muman
682 1062 942 1115 DECRETORUM
960 1064 1139 1115 coucan.

233 1268 316 1344 ΠΜ
333 1267 382 1342 ad
401 1267 442 1341 S.
462 1266 808 1365 Congregationem
833 1267 959 1343 delata
978 1269 1140 1344 luissent
1157 1269 1240 1344 Acta

250 1394 289 1456 et
305 1382 477 1457 Decreta
502 1380 664 1456 Concilii
688 1380 933 1457 Prouincialis
957 1383 1056 1457 sexti
1080 1383 1242 1458 Baltimo

161 1496 294 1591 tensis,
310 1519 441 1570 mense
468 1493 575 1568 Maio
603 1518 703 1568 anno
733 1498 829 1568 1846
855 1494 1047 1590 celebrati,
1070 1496 1145 1571 und
1171 1518 1244 1572 cum

161 1609 333 1708 Epistola
357 1609 408 1683 R.
427 1607 472 1682 P.
490 1607 540 1682 D.
560 1608 760 1682 Snuuams
785 1607 1017 1684 Euenusrou
1042 1610 1247 1710 Archiepis·

160 1725 249 1823 copi
275 1721 573 1817 BaltimorensiS,
589 1733 628 1796 et
655 1733 869 1797 ceterorum
899 1723 1182 1823 Episcoporum
1208 1723 1247 1797 ad

160 1861 239 1914 sac.
258 1862 369 1912 mem.
388 1836 626 1911 Gaaooruuu
643 1835 723 1910 ΡΡ.
742 1834 840 1911 XVI
856 1837 1006 1935 scripti,
1022 1839 1097 1935 qud
1113 1862 1249 1912 eorum

160 1952 248 2027 dem
265 1963 438 2028 actorum
455 1962 494 2025 et
511 1950 751 2025 decretorum
777 1950 938 2026 Concilii
954 1952 1179 2049 approbatio
1197 1976 1248 2051 pe

159 2070 320 2162 tebatur,
333 2091 496 2165 cumque
513 2066 648 2141 eadem
661 2065 805 2142 mature
823 2067 1038 2142 examinata
1054 2068 1077 2142 a
1094 2068 1136 2142 S.
1157 2069 1249 2143 Con-

159 2181 377 2281 gregatione
407 2181 579 2275 fuissent,
608 2192 647 2254 et
676 2177 903 2278 perpensum
936 2192 1122 2279 praeterea
1154 2193 1249 2258 esset

159 2293 338 2393 quantum
355 2294 405 2369 ad
428 2293 617 2394 religionis
635 2294 753 2369 decus
779 2294 960 2369 tuendum
978 2308 1018 2370 et
1034 2320 1248 2394 promoven·

158 2410 260 2504 dum,
276 2408 326 2483 ad
343 2407 551 2482 animarum
576 2408 737 2481 salutem
762 2407 1051 2506 procurandam,
1067 2420 1109 2483 et
1124 2410 1176 2484 ad
1193 2410 1248 2484 de·

156 2522 274 2597 bitum
292 2522 474 2596 honorem
492 2520 695 2619 Episcopis
713 2532 752 2594 et
770 2521 884 2596 Claro
902 2522 1076 2597 saeculari
1093 2536 1133 2596 et
1149 2546 1248 2621 regu·

156 2636 223 2710 lari
240 2637 528 2710 Foederatarum
546 2634 735 2709 Americae
748 2635 1031 2710 Provinciarum
1047 2636 1247 2734 impensius

157 2750 447 2843 conciliandum,
465 2774 512 2822 ex
538 2748 699 2822 Concilii
725 2749 894 2845 ejusdem
920 2750 1189 2844 celebratione,
1206 2775 1247 2824 ex

155 2889 312 2938 numero
324 2863 602 2962 Episcoporum
614 2862 677 2958 qui
687 2861 736 2935 illi
746 2862 1004 2958 interfuerunt,
1015 2877 1053 2937 et
1065 2890 1113 2938 ex
1127 2892 1247 2941 rerum

154 2978 192 3052 in
210 3004 257 3053 eo
275 2990 519 3052 tractatarum
532 2976 712 3074 gravitate
730 2988 861 3074 posset
872 2977 1082 3075 proficisci3
1101 2980 1192 3055 Emi
1204 3007 1247 3057 ao

156 3092 299 3167 Revni
315 3092 451 3165 Patres
470 3091 508 3164 in
526 3090 691 3188 generali
710 3092 909 3165 Conventa
928 3093 975 3165 de
999 3092 1248 3193 Propagandi

155 3207 265 3301 Fide,
283 3206 409 3280 habito
439 3205 498 3279 die
528 3209 577 3277 25
605 3204 775 3279 Januarii
802 3229 902 3279 anno
933 3210 1040 3300 1847,
1060 3209 1247 3285 referente

155 3321 257 3395 Effio
275 3346 322 3395 ae
343 3320 496 3394 Reffivo
513 3319 563 3392 D.
582 3318 732 3391 Jacouo
753 3318 940 3392 Purmrro
960 3321 1001 3393 S.
1021 3320 1071 3394 R.
1092 3322 1139 3396 Ε.
1160 3325 1248 3399 Car·

154 3435 267 3511 dinali
278 3434 567 3527 Fanusonro,S.
578 3433 892 3532 Congregationis
904 3434 1246 3529 Praesecto‚eadem

154 3549 318 3648 plurimis
348 3548 519 3622 laudibus
551 3547 798 3639 cumulantes,
816 3558 854 3621 et
882 3549 1118 3647 summoperd
1147 3577 1247 3627 com-

153 3664 389 3755 mendantes,
418 3673 647 3735 censuerunt
680 3661 965 3759 supplicandum
995 3688 1082 3738 esse
1113 3666 1244 3741 Sano

152 3775 241 3850 Duo
259 3775 402 3850 Nostro
428 3787 471 3849 ut
487 3787 696 3848 memorata
720 3775 890 3849 Decreta
908 3777 1068 3851 Concilii
1094 3779 1246 3856 Provin-

152 3891 256 3965 cialis
275 3890 370 3965 sexti
388 3891 610 3989 Apostolicd
634 3891 858 3965 auctoritate
885 3892 1032 3967 sancire
1050 3905 1089 3967 et
1114 3919 1246 3995 appro

152 4007 242 4080 bare
260 4005 483 4103 dignaretur.

202 4119 330 4201 Quam
349 4119 390 4191 S.
411 4118 725 4218 Congregationis
752 4119 977 4193 sententiam
994 4122 1041 4195 ab
1059 4121 1110 4195 R.
1130 4122 1175 4196 Ρ.
1194 4123 1242 4198 D.

150 4235 176 4307 J
180 4257 303 4307 onuna
330 4232 866 4332 Baunuaa1,Archiepiscopo
893 4233 1244 4333 Thessalonicensi,

151 4363 189 4424 et
207 4348 376 4448 ejusdem
395 4347 436 4421 S.
456 4346 770 4446 Congregationis
786 4348 1015 4445 Secretario,
1031 4350 1190 4426 relatam
1207 4353 1242 4426 in
