2820 5010
164 333 236 405 112
445 353 655 405 concursu
682 353 969 405 aturruoaansa

159 527 311 604 tholicae
326 528 413 603 fidei
439 529 722 628 propagatione,
739 529 863 627 deque
880 529 1149 606 venerabilium
1166 529 1254 605 Fra·

160 656 259 717 trum
276 641 557 741 Episcoporum
575 643 791 738 concordia,
807 643 933 717 studio
951 656 990 718 et
1011 645 1102 719 curi
1119 643 1159 718 in
1175 668 1255 743 pas

159 756 290 832 cendis
308 780 354 831 ac
379 756 554 856 regendis
572 757 702 831 ovibus
720 757 790 831 sibi
811 756 1037 851 commissis,
1054 757 1254 855 divinoque

159 872 262 946 cultu
280 871 466 970 augendo,
482 871 590 945 nobis
615 870 728 943 allata
752 882 840 945 sunt
856 870 1082 945 testimonia.
1128 871 1255 969 Supra

158 983 312 1059 modum
337 984 463 1082 itaque
488 985 612 1059 laetitit
636 985 905 1083 perfundimur,
921 1010 967 1060 ac
993 986 1083 1059 Deo
1109 986 1253 1083 optimo

157 1100 333 1194 maximo,
345 1101 530 1174 bonorum
544 1099 710 1174 omniurn
727 1100 906 1200 largitori,
919 1099 1065 1175 debitas
1078 1100 1255 1198 persolvi-

157 1239 240 1288 mus
259 1214 409 1312 gratias,
426 1214 608 1311 simulque
626 1239 760 1312 preces
780 1214 1152 1312 supplicationesque
1169 1239 1253 1290 nos-

157 1339 234 1401 tras
253 1327 489 1421 effundimus,
505 1339 547 1402 ut
563 1328 626 1424 qui
643 1328 758 1426 coepit
775 1353 872 1426 opus
888 1329 1029 1402 bonum
1046 1327 1128 1426 ipse
1148 1328 1253 1426 perfi-

157 1439 246 1535 ciat,
262 1440 512 1540 gaudiumque
534 1454 704 1515 nostrum
726 1442 860 1516 reddat
885 1441 1046 1539 plenum.
1098 1440 1185 1515 Nos
1202 1441 1251 1516 in·

155 1566 262 1629 terea
274 1555 492 1629 eorumdem
506 1556 727 1630 Antistitum
741 1555 1053 1654 postulationibus
1067 1557 1252 1631 obsecun-

156 1669 261 1762 dare,
281 1680 320 1741 et
346 1669 651 1744 christifidelium
677 1671 837 1764 utilitati,
863 1669 1043 1767 quautirm
1067 1669 1179 1744 nobis
1205 1695 1251 1745 ex

156 1783 232 1857 ulto
259 1782 388 1856 datum
413 1795 485 1877 est,
501 1783 717 1881 prospicere
739 1784 922 1878 volentes,
938 1783 1073 1857 limites
1100 1783 1251 1858 Dioece

156 1922 240 1973 sum
257 1895 295 1969 in
312 1898 527 1971 memoratis
544 1898 758 1996 regionibus
780 1897 1020 1972 existentium
1039 1896 1251 1995 singillatim

157 2011 426 2087 describendos
452 2024 639 2110 putamus,
655 2025 697 2088 ut
723 2013 932 2089 Catholicae
957 2011 1173 2112 Religionis
1190 2036 1251 2088 ne

155 2126 259 2227 gotia
273 2126 517 2202 laudabilibus
531 2128 569 2203 in
584 2129 663 2203 dies
681 2129 827 2227 possint
843 2128 1028 2227 proficere
1041 2127 1249 2203 incremen-

155 2239 217 2334 tis,
243 2264 289 2315 ac
320 2241 368 2315 de
397 2241 570 2339 prosectu
599 2255 815 2319 sanctarum
844 2242 971 2317 ovium
1000 2240 1249 2317 haurientium

154 2377 273 2451 aquas
297 2353 336 2428 in
353 2355 490 2454 gaudio
508 2356 556 2430 de
582 2356 746 2431 sontibus
773 2355 997 2448 Salvatoris,
1013 2353 1080 2428 fiat
1105 2378 1251 2431 corona

153 2467 471 2544 immarcescibilis
502 2469 715 2545 Pastorum.
767 2470 919 2544 Etenim
947 2470 996 2543 ad
1026 2493 1139 2544 aures
1165 2494 1249 2544 nos

154 2594 231 2656 tras
245 2583 424 2681 pervenit,
436 2608 483 2657 ex
500 2584 658 2682 plurium
673 2584 832 2658 Sedium
844 2582 1133 2682 Episcopalium
1147 2607 1249 2659 erec·

153 2696 256 2772 tione
273 2697 374 2773 haud
391 2697 504 2796 longo
523 2721 705 2772 annorum
723 2699 887 2773 decursu
904 2698 1064 2795 expleta,
1081 2699 1129 2771 ob
1148 2721 1249 2797 mag-

153 2835 243 2885 num
261 2812 362 2908 quod
388 2811 538 2910 accepit
562 2813 774 2887 orthodoxa
791 2812 886 2886 fides
904 2812 941 2886 iu
961 2811 1139 2886 Americi
1163 2813 1249 2886 Fa»

155 2926 283 3000 derata
295 2926 578 3019 incrementum,
591 2939 739 3001 vetusta
751 2927 973 3001 Dioecesum
988 2924 1153 3000 confinia
1166 2950 1249 3000 eva-

153 3039 249 3115 sisse
262 3039 382 3115 minis
397 3041 687 3117 accommodata
700 3041 758 3114 vel
776 3041 932 3135 incerta,
950 3040 1184 3138 proindeque
1198 3041 1247 3115 ad

153 3178 304 3228 omnem
325 3179 475 3252 quoque
501 3153 740 3228 dubitationis
759 3167 797 3227 et
818 3153 1018 3229 anxietatis
1042 3153 1248 3229 tollendam

153 3268 408 3361 occasionem,
433 3293 516 3365 quoe
541 3269 645 3342 circa
663 3268 934 3366 jurisdictionis
960 3269 1248 3345 Ecclesiasticae

153 3382 385 3476 exercitium,
401 3382 631 3456 venerabiles
658 3382 813 3458 Fratres
835 3383 1052 3482 Episcopos
1070 3408 1118 3458 ac
1137 3384 1247 3460 dilec-

153 3507 213 3569 tos
239 3494 356 3569 Filios
383 3495 632 3593 Presbyteros
658 3496 697 3569 in
721 3496 780 3570 illa
804 3497 922 3572 vineae
945 3497 1102 3572 Domini
1127 3510 1247 3596 parte,

152 3622 229 3683 tam
242 3610 385 3684 naviter
396 3610 732 3709 actamprosperd,
742 3611 942 3711 adjuvante
955 3612 1245 3706 Domino,labo

152 3736 278 3799 rantes
290 3725 520 3823 perturbare,
530 3737 568 3797 et
580 3725 765 3800 vinculum
777 3726 969 3800 charitatis
981 3726 1246 3823 quoinDomi-

152 3863 203 3912 no
221 3839 445 3939 colliguntur
461 3841 683 3938 abrumpere
697 3853 839 3939 posset,
849 3866 935 3915 esse
949 3839 1100 3915 omnino
1116 3866 1247 3917 neces·

152 3954 290 4029 sarium
316 3965 357 4029 ut
378 3954 470 4029 certi
492 3955 735 4052 locorumque
760 3956 964 4031 conditioni
990 3969 1245 4055 congruentes

152 4069 295 4144 illarum
318 4070 539 4146 Dioecesum
564 4071 697 4146 limites
721 4097 788 4171 per
804 4073 1069 4172 Apostolicam
1092 4073 1249 4167 Sedem,

152 4210 236 4282 quae
261 4185 431 4261 divinitas
449 4212 562 4286 super
587 4212 719 4262 omnes
745 4187 836 4261 alias
862 4187 1062 4263 Ecclesias
1074 4187 1248 4287 jurisdic-

152 4299 261 4376 tionis
283 4302 426 4379 obtinet
451 4302 661 4401 primatum,
679 4313 890 4378 statuantur
907 4316 945 4379 et
972 4303 1245 4379 describantur.
