2820 5010
153 356 230 429 alo
441 374 652 426 concnruu
679 375 968 429 unurruoasasn

155 549 268 626 tertia
283 560 323 625 et
345 549 488 647 ultima,
505 563 545 625 et
561 550 719 625 servatis
737 551 911 629 omnibus
929 577 1015 651 quse
1037 553 1076 628 in
1100 550 1219 628 Pontii

154 665 230 741 cali
246 665 466 764 praescripta
481 677 583 761 sunt,
598 665 666 741 rite
684 678 842 765 peracte
858 680 931 763 est,
947 681 987 743 et
1003 668 1175 744 absoluta

549 831 623 906 Eu.
642 830 882 927 Dnurnoux,
900 834 942 907 S.
961 832 1009 907 Τ.
1028 833 1077 908 Ι).
1100 832 1189 907 Secr.
1281 776 1291 821 Ἰ

549 946 735 1021 Cinorus
751 946 781 1020 Ι.
801 947 849 1021 Α.
868 946 1030 1042 Wnrra,
1047 948 1146 1022 Scor.

486 1247 919 1263 mmmm

408 1458 684 1555 uacuum
722 1457 1000 1555 concula

153 1688 184 1763 1.
276 1687 540 1763 ERPENSO
560 1690 717 1765 decreto
736 1689 778 1763 S.
794 1686 1113 1788 congregationis
1127 1688 1175 1762 de
1188 1686 1240 1761 bo

300 1801 358 1875 nis
385 1801 653 1899 temporalibus
681 1800 901 1895 Ecclesiae*,
927 1801 1065 1875 Patres
1088 1799 1242 1874 aninum

153 1915 312 1992 maxime
330 1941 559 2015 propensum
576 1916 626 1991 ad
643 1927 810 1992 mentem
828 1917 871 1991 S.
891 1916 1005 1992 Sedis
1023 1916 1061 1991 in
1080 1914 1245 1992 omnibus

153 2032 386 2128 sequendam
416 2032 677 2126 ostenderunt,
706 2032 776 2106 sed
808 2043 1039 2107 censuerunt
1069 2029 1247 2129 speciales

152 2144 257 2244 leges
292 2145 471 2221 Statuum
505 2145 750 2244 singulorum,
782 2147 1028 2242 locorumque
1063 2144 1250 2244 adjuncta,

154 2259 281 2358 gravia
297 2258 430 2334 afferre
454 2259 698 2334 incommoda
714 2259 859 2336 decreti
874 2258 1108 2353 executioni3
1134 2257 1250 2358 singu·

154 2373 274 2448 lorum
290 2385 419 2448 tamen
436 2373 717 2473 Episcoporum
733 2373 1007 2449 conscientiam
1020 2375 1250 2450 onerandam

153 2514 253 2584 esse,
269 2502 311 2564 ut
331 2500 573 2585 testamento,
590 2491 649 2564 vel
674 2488 748 2564 alio
774 2489 1037 2582 instrumento,
1053 2488 1253 2564 consulant

153 2604 346 2679 securitati
372 2606 557 2678 bonorum
584 2603 931 2679 ecclesiasticorum
956 2629 1040 2700 quae
1066 2628 1187 2701 penes
1212 2625 1252 2678 so

153 2730 256 2793 sunt:
282 2743 442 2815 quorum
467 2728 781 2792 testamentorum
807 2718 1038 2815 duplicatum
1062 2717 1253 2815 exemplar

153 2833 254 2930 apud
272 2832 615 2930 Archiepiscopum
634 2833 838 2930 deponant,
852 2831 1179 2929 Archiepiscopus
1193 2855 1253 2906 au·

152 2959 230 3021 tem
247 2948 348 3045 apud
372 2947 560 3021 seniorem
584 2946 833 3046 Episcopum,
849 2946 946 3021 intra
966 2957 1044 3020 tres
1062 2945 1253 3021 mensesai

153 3062 220 3136 sua
236 3062 541 3136 consecratione:
560 3062 661 3158 quod
680 3061 713 3134 si
729 3061 938 3160 neglexerit
955 3060 1175 3158 Episcopus
1193 3059 1253 3135 ali·

152 3176 248 3273 quis,
260 3178 427 3251 monebit
440 3202 527 3250 eum
541 3176 653 3250 officii
664 3177 1001 3274 ArchiepiscopuS,
1011 3200 1178 3272 eumque
1191 3174 1251 3251 diu

151 3304 368 3365 cessantem
390 3294 438 3366 ad
461 3292 502 3365 S.
526 3291 873 3389 Congregationcm
896 3291 1050 3364 deseret.
1103 3288 1252 3365 Idcirco

152 3416 262 3479 orant
285 3406 422 3480 Patres
446 3417 487 3479 ut
512 3405 553 3479 S.
578 3405 703 3478 Sedes
728 3405 901 3505 dignetur
923 3403 1066 3479 decreti
1088 3404 1252 3504 rigorem

152 3519 225 3593 hac
243 3520 388 3593 ratione
406 3520 586 3618 mitigare.

202 3635 252 3708 ΙΙ.
281 3635 475 3709 Statutum
499 3646 558 3709 ost
583 3660 631 3708 nc
657 3635 763 3709 laicis
787 3635 958 3732 personis
984 3633 1147 3731 unquam
1174 3659 1253 3732 per·

152 3749 320 3823 mittatur
336 3751 450 3823 verba
471 3750 520 3824 ad
544 3751 723 3848 populum
741 3751 869 3824 facere
892 3750 930 3824 in
953 3748 1156 3843 Ecciesiis,
1172 3749 1252 3825 sine

152 3863 342 3937 Ordinarii
366 3864 526 3958 licentii,
543 3865 741 3963 postquam
759 3876 1005 3958 consecratae,
1022 3863 1080 3937 vel
1106 3863 1252 3939 tantirm

152 3977 363 4052 benedicta
380 3978 540 4053 fuorunt.

202 4091 273 4165 ΙΙΙ.
301 4090 399 4166 Cum
423 4092 506 4191 lege
525 4092 646 4166 divini
662 4092 817 4167 vetitum
835 4092 884 4165 sit
907 4091 1048 4165 homini
1073 4116 1253 4189 separare

153 4231 248 4304 quos
266 4207 374 4282 Deus
388 4207 595 4306 conjunxit,
608 4232 805 4282 monemus
824 4206 1041 4305 Episcopos
1059 4206 1157 4281 utin
1175 4208 1252 4283 suis

596 4359 610 4391 *
629 4357 730 4428 sopri,
745 4357 804 4414 198.
