2820 5010
149 339 199 410 32
428 360 638 411 concinuos
665 356 954 409 annnnonnnsn

196 536 338 612 Iisdem
355 560 506 633 quoque
524 535 743 609 mandatum
760 546 821 609 est
845 545 886 608 ut
911 533 1018 609 hisce
1035 531 1251 630 quaestioni·

147 651 231 744 bus,
247 674 271 724 a
288 650 439 724 Rsvffio
457 662 497 725 et
522 644 634 724 lllno
652 650 701 723 D.
721 647 1025 747 Archiepiscopo
1043 646 1080 722 N
1083 647 1248 721 eo-Ebo

148 765 297 840 recensi
313 763 516 863 propositis
534 788 649 862 super
664 763 798 838 bannis
823 761 1076 860 publicandis,
1091 784 1246 860 respon·

149 879 283 953 deant:
319 883 350 952 l.
378 878 484 961 Quid
519 878 736 953 faciendum
760 877 799 951 in
833 900 927 952 casu
956 900 1033 974 quo
1057 875 1156 949 illius
1184 873 1244 973 qui

148 993 424 1068 matrimonium
450 993 676 1067 contrahere
705 991 795 1085 vult,
818 1002 996 1088 parentes
1022 1001 1061 1065 et
1086 1014 1244 1065 consau
1297 998 1301 1005 '

148 1107 273 1206 guinei
304 1106 343 1181 in
376 1108 468 1195 urbe
495 1105 724 1181 domicilium
758 1105 913 1197 habent,
936 1103 1017 1201 ipse
1043 1124 1136 1177 vero
1163 1104 1241 1201 jam

147 1221 275 1295 forsan
299 1223 347 1295 ab
369 1220 476 1295 annis
502 1220 644 1317 aliquot
669 1218 757 1294 alibi
781 1218 921 1293 victum
945 1217 1075 1292 labore
1102 1217 1242 1316 quaerit,

145 1358 192 1409 ac
205 1334 442 1411 matrimonio
456 1333 560 1428 inito,
569 1334 704 1408 eodem
719 1356 936 1407 reversurus
947 1331 1032 1412 cst?
1073 1335 1110 1405 2.
1139 1330 1240 1414 Quid

146 1449 363 1524 faciendum
390 1449 438 1523 de
463 1447 520 1521 his
540 1447 602 1544 qui
627 1447 725 1521 intra
749 1447 884 1522 limites
910 1446 1020 1520 unius
1049 1444 1239 1521 districtus

145 1562 375 1638 domicilium
401 1562 557 1655 habent,
580 1561 650 1635 sed
675 1561 768 1635 sede
794 1560 833 1634 in
857 1559 1024 1634 ecclesia
1049 1559 1146 1634 alius
1172 1559 1239 1633 dis·

145 1676 277 1752 trictus
295 1677 434 1769 locata,
451 1675 548 1749 inter
572 1675 669 1749 illius
687 1673 862 1750 ecclesiae
886 1673 1018 1747 fideles
1044 1696 1240 1774 numeran-

144 1790 232 1871 tur?
283 1793 317 1864 3.
344 1789 551 1872 Quomodo
576 1788 826 1887 reputandum
844 1786 1073 1862 domicilium
1098 1810 1239 1881 eorum,

144 1905 278 2003 quibus
295 1928 379 1977 mos
397 1915 456 1977 est
481 1903 682 2000 quotannis
701 1902 881 1977 dedomo
907 1901 946 1975 in
963 1901 1119 1975 domum
1141 1913 1239 1976 tran·

143 2018 231 2111 sire,
246 2017 385 2115 quique
401 2015 591 2091 rarissime
608 2040 676 2114 per
691 2014 803 2089 trium
819 2038 1005 2089 annorum
1021 2014 1186 2112 spatium
1201 2015 1236 2090 in

142 2131 278 2205 eadem
295 2131 410 2205 domo
427 2154 581 2204 manere
599 2128 749 2209 solent?

190 2246 304 2339 Dein,
317 2271 404 2321 cum
422 2246 470 2320 de
488 2244 803 2320 nominationibus
821 2254 927 2319 esset
942 2245 1148 2345 agendum,
1164 2244 1235 2320 abi

142 2372 251 2435 erunt
269 2359 485 2434 Secretarii.

191 2473 308 2550 Horis
335 2472 635 2571 postmeridianis
653 2474 756 2548 nulla
780 2473 909 2549 habita
934 2485 995 2549 est
1020 2474 1235 2574 Congrege-

141 2589 193 2663 tio
211 2588 371 2689 publica.

377 2845 532 2909 SESSIO
556 2845 732 2909 TERTIA
755 2847 994 2912 SOLEMNIS.

189 3033 266 3107 Dru
295 3033 510 3126 Dominica,
530 3032 625 3106 Maii
654 3038 712 3127 16,
729 3035 823 3109 hora
852 3040 899 3109 10
926 3036 1232 3129 antemeridiana,

137 3148 240 3222 sacta
265 3161 324 3221 est
357 3147 551 3246 processio
578 3151 625 3222 ab
659 3149 801 3222 aedibus
832 3150 1229 3249 Archiepisoopalibus

138 3263 187 3337 ad
222 3264 492 3337 Cathodralem
526 3264 742 3356 ecclesiam,
775 3265 912 3339 eodem
946 3288 992 3338 ac
1026 3266 1230 3340 Dominica

138 3378 314 3452 anteriori
339 3378 478 3451 ordine.
530 3377 690 3452 Missam
718 3380 926 3453 solemnem
944 3379 1148 3454 celebravit
1173 3382 1231 3455 Ill·

138 3499 221 3565 mus
248 3504 287 3565 et
319 3491 492 3565 Revnus
522 3492 571 3565 D.
600 3492 922 3590 Archiepiscopus
958 3493 1230 3593 Orcgonensis‚

136 3607 197 3679 cui
223 3607 446 3680 adstiterunt
472 3607 585 3680 Adm.
613 3606 710 3681 Rev.
738 3608 782 3680 P.
809 3608 1047 3682 Bonusnnus
1073 3610 1108 3683 J.
1130 3611 1229 3684 Hur-

131 3722 424 3815 ncnscnn1n‚C.
445 3721 520 3795 SS.
548 3721 598 3794 R.
626 3721 937 3814 archidiaconus3
962 3722 1060 3796 Rev.
1087 3723 1133 3797 P.
1153 3724 1229 3796 Au-

134 3859 270 3909 ronrus
290 3836 483 3928 Sounion,
496 3835 541 3908 C.
562 3835 637 3911 SS.
655 3836 705 3909 R.
726 3835 922 3928 diaconus,
935 3848 972 3909 et
990 3835 1087 3909 Rev.
1106 3837 1156 3911 D.
1177 3838 1226 3911 H.

133 3947 310 4042 Geinum,
339 3949 604 4024 subdiaconus.
656 3949 821 4023 Diaconi
854 3974 942 4024 vero
977 3974 1096 4048 prope
1130 3951 1227 4025 thro·

132 4087 221 4135 num
252 4062 351 4137 Iuni
376 4075 414 4137 et
440 4063 581 4136 Revrni
615 4064 906 4161 Archiepiscopi
940 4064 1225 4140 Baltimorensis

130 4176 235 4249 fuere
262 4178 374 4250 Adm.
427 4178 524 4251 Rev.
552 4178 596 4251 P.
624 4178 834 4253 Parnrrrus
861 4179 906 4252 E.
934 4178 1159 4272 Memnon,
1175 4180 1224 4253 O.

132 4291 172 4364 S.
193 4291 240 4363 A.
270 4294 357 4364 Ass
378 4293 473 4365 Gen.
494 4305 531 4366 et
557 4293 654 4366 Rev.
683 4295 730 4366 D.
760 4295 935 4367 Joluuss
961 4294 1225 4385 discursum,

27 4604 173 4696 A
