2820 5010
218 348 267 418 60
497 369 707 422 concrnrun
734 367 1022 419 nnnrruoaansu

269 548 303 618 3.
331 544 384 618 Ut
408 544 665 642 unusquisque
690 544 921 619 confratrum
939 555 978 618 et
993 568 1246 619 consororum
1262 542 1320 617 In·

222 658 453 758 dulgentiam
470 670 623 733 centum
641 659 785 737 dierum
809 659 989 753 lucretur,
1005 658 1318 757 quotiescumque

222 772 417 873 praefatam
435 772 644 848 orationem
662 772 911 848 recitaverint.

271 890 306 962 4.
333 886 387 963 Ut
403 886 448 960 iis
467 886 782 962 Christifidelibus
801 887 1019 988 pradictum
1036 887 1250 962 orationem
1267 911 1321 961 re·

223 1001 341 1077 citare
374 1000 644 1095 nescientibus,
676 1026 790 1099 supra
829 1002 1032 1077 enuntiatae
1069 1001 1321 1101 Indulgentiae

224 1116 497 1208 concedantur,
520 1115 725 1193 dummodo
751 1127 828 1189 tres
854 1115 988 1210 Pater,
1002 1116 1081 1191 uve
1106 1127 1145 1190 et
1177 1117 1324 1208 Gloria,

225 1228 381 1326 singulis
399 1229 530 1303 diebus
549 1229 685 1302 devote
706 1229 876 1303 recitent.

206 1474 212 1485 “
350 1473 401 1525 EX
419 1471 625 1524 Annianus
644 1444 856 1542 8851thss
874 1473 1104 1556 eurymenis
1123 1474 1193 1525 1⁸⁶2

277 1679 428 1754 ssnus
462 1678 573 1753 Dsus
606 1677 750 1752 Noster
783 1676 881 1753 Pras
915 1677 1038 1752 divina
1076 1677 1325 1754 Providentia

227 1793 308 1868 ΡΡ.
326 1792 399 1887 IX,
415 1792 602 1866 referente
620 1791 858 1890 infrascripto
877 1792 917 1865 S.
938 1792 1257 1892 congregationis
1276 1793 1324 1866 do

228 1907 486 2008 Propaganda
510 1905 609 1981 Fide
636 1905 854 1980 Secretario
872 1929 988 2003 supra
1012 1907 1225 2005 descriptas
1244 1930 1324 2005 pre

225 2046 293 2098 ees
324 2023 605 2121 Episcoporum
635 2020 797 2096 Concilii
826 2020 992 2095 Plenarii
1020 2018 1323 2115 Baltimorensis‚

225 2162 375 2213 necnon
393 2149 525 2212 votum
550 2135 736 2211 Eurorum
753 2132 911 2208 Petrum
929 2134 972 2208 S.
991 2135 1325 2235 congregationis,

224 2250 386 2349 benigne
402 2251 440 2325 in
458 2249 630 2325 omnibus
647 2247 778 2321 annuit
787 2247 898 2346 juxta
914 2248 1044 2346 petita,
1059 2260 1174 2346 atque
1196 2249 1324 2324 Indul-

226 2364 372 2466 gentiae
384 2365 495 2463 juxta
511 2361 745 2460 propositum
757 2373 927 2436 tenorem
941 2361 979 2436 in
991 2374 1218 2460 perpetuum
1235 2388 1326 2438 con-

227 2478 356 2573 cessit,
372 2475 569 2553 contrariis
587 2475 886 2573 quibusoumque
902 2501 980 2550 non
998 2477 1248 2552 obstantibus.

741 2605 812 2679 Ar..
839 2603 1038 2698 Bannaeo,
1053 2631 1079 2678 a
1096 2606 1275 2680 Sacratis.
