2820 5010
561 433 813 486 altovntclnun
841 436 893 485 lli.

406 726 684 824 taenara
722 725 1000 823 concula

149 942 184 1019 1.
275 944 357 1021 ΗΜ
385 970 434 1021 ex
459 945 685 1045 Apostolico
712 945 858 1020 indulto
885 942 1151 1019 consueverint
1180 943 1256 1040 ple·

295 1084 454 1157 rumque
472 1059 614 1135 Clerici
630 1059 832 1135 saculares
847 1057 1023 1151 ordinari,
1039 1057 1077 1130 in
1094 1057 1152 1129 his
1170 1055 1256 1129 Fra

154 1173 295 1249 deratis
312 1173 537 1269 Provinciis,
548 1175 657 1250 titulo
671 1174 871 1268 missionis,
883 1197 1082 1247 monemus
1096 1170 1256 1269 Episco-

155 1311 227 1385 pos
237 1299 280 1363 ut
292 1312 362 1364 eos
373 1288 519 1364 tanthm
530 1313 578 1364 eo
591 1289 700 1364 titulo
712 1290 761 1363 ad
775 1312 906 1364 sacros
918 1286 1070 1361 ordines
1082 1285 1257 1380 evehant,

155 1401 220 1500 qui
236 1401 364 1478 idonei
380 1404 499 1480 sacris
517 1404 756 1479 missionibus
774 1403 982 1495 videantur,
994 1400 1053 1475 vel
1070 1399 1160 1475 alias
1178 1399 1256 1474 Re

155 1517 303 1617 ligionis
317 1519 516 1618 profectui,
525 1518 708 1619 Episcopi
715 1519 873 1618 judicio,
882 1515 1105 1609 inservituri,
1115 1514 1256 1590 emisso

156 1631 257 1729 pribs
268 1632 516 1732 jurejurando
534 1658 577 1710 se
595 1632 776 1734 perpetud
792 1631 981 1726 Missioni,
997 1630 1060 1706 cui
1077 1630 1257 1728 deputan-

156 1759 230 1841 tur,
245 1771 402 1847 operam
419 1746 586 1822 daturos.

204 1860 258 1935 Π.
283 1860 346 1936 Ne
376 1863 612 1957 sacerdotes,
636 1888 724 1937 cum
754 1861 853 1936 sacri
883 1859 1024 1935 ordinis
1054 1859 1258 1953 dedecore,

157 1975 388 2070 mendicare,
404 1976 465 2050 vel
489 1987 700 2075 egestatem
728 1975 805 2073 pati
826 1985 1024 2074 cogantur,
1041 1973 1258 2072 Episcopos

157 2088 364 2184 hortamur,
377 2101 418 2165 ut
435 2088 591 2165 Fideles
604 2102 785 2165 moneant
801 2088 965 2164 muneris
980 2112 1056 2185 quo
1069 2098 1258 2183 tenentur,

157 2203 212 2278 eis
235 2203 421 2303 praecipue
440 2203 503 2302 qui
526 2204 565 2279 in
582 2206 696 2279 verbo
715 2216 754 2279 et
774 2204 945 2279 doctrina
969 2202 1153 2297 laborant,
1170 2227 1258 2278 con·

158 2341 290 2417 gruum
314 2318 630 2393 sustentationem
653 2317 904 2417 suppeditare.
956 2316 1073 2401 Qudd
1099 2318 1131 2392 si
1156 2318 1259 2418 aegri·

158 2431 301 2526 tudine,
317 2433 375 2508 vel
397 2456 493 2508 casu
509 2432 635 2530 aliquo
655 2434 737 2531 jam
757 2457 834 2508 non
851 2431 1000 2506 valeant
1017 2433 1136 2507 sacris
1153 2433 1259 2533 fungi

159 2547 387 2641 muneribus,
402 2571 451 2620 ne
469 2546 617 2622 afflictis
635 2546 796 2622 addatur
812 2546 979 2640 afflictio,
996 2558 1131 2621 curent
1152 2560 1195 2622 ut
1212 2571 1259 2622 ea

160 2660 327 2735 subsidia
336 2686 422 2759 quae
431 2661 650 2737 necessaria
656 2660 921 2760 judicaverint,
930 2660 1258 2758 ipsisiFidelibus

160 2774 293 2872 quibus
309 2774 545 2850 inservierint
561 2774 897 2850 subministrentur.
951 2774 997 2848 Si
1013 2786 1141 2849 autem
1159 2777 1259 2850 Con·

161 2890 342 2990 gregatio,
359 2891 421 2967 cui
445 2890 653 2966 inservierit
679 2891 873 2967 Sacerdos
896 2902 1060 2988 aegrotus
1085 2891 1143 2965 vel
1168 2891 1258 2966 alias

161 3004 375 3104 impeditus,
396 3007 509 3082 fuerit
533 3006 629 3082 adeo
653 3006 763 3105 inops
788 3019 831 3081 ut
855 3018 1020 3104 nequeat
1045 3007 1259 3106 hujusmodi

161 3119 329 3196 subsidia
344 3120 599 3220 suppeditare,
616 3121 833 3219 Episcopus
851 3121 1044 3195 hortamur
1060 3133 1114 3214 ut,
1127 3122 1171 3195 ei
1188 3123 1260 3218 qua
1315 3124 1318 3131 '

163 3232 243 3309 fieri
258 3234 382 3334 possit
396 3236 555 3330 ratione,
567 3235 724 3311 aliorum
743 3234 999 3309 Sacerdotum
1015 3245 1054 3308 et
1071 3234 1258 3310 Fidelium

163 3347 386 3424 charitatem
403 3349 453 3423 ad
469 3349 514 3423 iis
532 3348 829 3425 succurrendum
847 3347 1022 3423 excitent.
1074 3349 1258 3447 Cupimus

163 3476 290 3539 autem
313 3464 473 3540 maxime
497 3465 601 3540 utin
626 3465 779 3564 singulis
804 3464 1042 3558 dioecesibus,
1064 3464 1261 3565 Episcopi,

163 3577 436 3678 quamprimdm
453 3579 652 3656 commode
671 3579 873 3679 potuerint,
890 3579 1145 3655 Sacerdotum
1162 3580 1259 3679 ipso-

164 3716 246 3767 mm
276 3693 444 3769 adhibito
474 3694 633 3770 consilio
664 3706 703 3768 et
731 3696 857 3793 operi,
881 3706 1027 3770 certum
1057 3697 1259 3792 quemdam

164 3806 319 3882 modum
336 3820 377 3884 et
392 3808 564 3884 stabilem
586 3820 765 3902 statuant,
782 3834 857 3906 quo
880 3809 1047 3903 infirmis,
1064 3810 1122 3883 vel
1147 3823 1259 3886 aetate

165 3921 368 4019 provectis,
384 3923 442 3998 vel
460 3922 550 3997 aliis
574 3922 773 4019 impeditis,
791 3923 1039 4021 provideatur.
1090 3923 1259 4023 Indignis

164 4047 292 4110 autem
310 4036 597 4130 Sacerdotibus,
613 4034 672 4110 vel
694 4036 757 4134 qui
780 4036 954 4136 legitimae
971 4062 1125 4111 suorum
1151 4038 1260 4137 Epis·

165 4173 350 4249 coporum
376 4149 593 4226 auctoritati
622 4150 921 4249 repugnaverint,
947 4151 1006 4225 vel
1035 4152 1099 4250 qui
1128 4177 1180 4226 aes
1210 4154 1260 4228 ad

165 4262 321 4340 fundum
338 4265 553 4365 hujusmodi
570 4264 784 4366 generalem
801 4264 974 4342 conferre
991 4267 1261 4363 recusaverint,

165 4376 239 4452 hoc
257 4377 454 4454 decretum
471 4378 654 4478 prodesse
670 4380 856 4455 nolumus.
