2820 5010
155 406 205 478 74
440 428 652 479 concrmuu
679 428 970 479 snnrruossnss

157 602 235 677 osis
266 603 536 698 Societatibus,
566 616 604 678 et
632 603 881 679 Missionariis
908 605 1144 703 Apostolicis
1170 628 1256 681 con·

158 716 289 791 cessis.

207 831 274 905 IV.
302 831 400 906 cum
418 845 599 932 repugnet
619 833 762 933 legibus
781 846 820 907 et
837 833 1104 910 consuetudini
1121 833 1256 909 Eccle-

158 946 235 1039 siae,
247 948 424 1045 bonoque
441 947 649 1022 animarum
666 948 835 1048 regimini
854 940 1020 1046 plunirus
1038 947 1256 1023 Sacerdoti·

157 1062 227 1134 bus
246 1061 356 1136 simul
372 1087 421 1136 ex
438 1088 546 1160 capno
564 1065 779 1137 concedere
797 1064 1063 1139 auctoritatem
1087 1069 1256 1161 pastora-

156 1176 231 1248 lem
247 1178 401 1276 regendi
419 1179 594 1251 eamdem
611 1178 841 1272 Ecclesiam,
858 1191 922 1253 aut
948 1178 1193 1271 Districtum3
1217 1188 1256 1252 st

156 1288 243 1363 cinn
270 1314 408 1391 magna
433 1305 525 1365 nata
554 1292 602 1364 sit
630 1292 803 1367 confusio
831 1304 870 1366 et
898 1292 1089 1367 discordia
1115 1292 1155 1367 in
1183 1292 1253 1367 hac

155 1402 365 1498 Provincia,
377 1405 543 1502 pluribus
562 1405 836 1481 Sacerdotibus
855 1407 965 1480 simul
983 1406 1052 1481 sibi
1069 1405 1255 1482 vindican-

155 1517 255 1592 tibus
280 1519 495 1617 hujusmodi
520 1519 786 1594 auctoritatem
816 1522 1045 1618 pastoralem
1071 1546 1121 1596 ca
1145 1532 1254 1621 ’σφω

158 1633 423 1726 οκοτοοηάαω,
440 1635 583 1731 absque
609 1635 682 1708 ulla
706 1636 754 1708 ab
781 1635 960 1709 alterutro
987 1635 1254 1734 dependentit:

155 1746 354 1821 statuimus
381 1761 420 1822 et
445 1749 684 1823 decernimus
710 1772 1016 1847 unumquemque
1046 1749 1254 1825 Praesulem

156 1862 308 1954 debere,
320 1860 593 1960 quamprimum
611 1863 811 1938 commode
829 1863 979 1960 poterit,
992 1863 1194 1963 designare
1210 1863 1253 1939 iis

156 1975 193 2050 in
210 1975 305 2051 locis
323 1976 360 2051 in
378 1977 512 2074 quibus
530 1978 657 2075 plures
676 1978 911 2054 Sacerdotes
925 1979 1054 2053 forsan
1066 1979 1254 2077 requiran-

155 2101 228 2184 tur,
244 2115 361 2164 unum
386 2091 617 2189 singulorum
643 2094 816 2167 locorum
840 2092 1056 2188 Pastorem,
1073 2094 1136 2169 cui
1152 2095 1254 2194 adju·

154 2216 216 2280 tor
231 2230 328 2280 unus
342 2206 401 2279 vel
417 2207 543 2304 plures
557 2207 594 2280 in
613 2233 683 2282 suo
702 2232 857 2282 munere
870 2209 1047 2283 obeundo
1061 2207 1252 2309 adsignari

154 2331 344 2420 poterunt,
357 2332 468 2418 prout
484 2319 644 2396 Praesuli
660 2321 731 2419 ipsi
744 2322 864 2396 visum
878 2323 998 2397 suerit
1044 2322 1091 2397 In
1107 2321 1154 2397 iis
1168 2321 1254 2399 rerd

155 2434 250 2509 locis
266 2434 305 2508 in
323 2435 457 2533 quibus
475 2435 650 2533 specialis
668 2436 771 2510 nulla
787 2436 1004 2535 hujusmodi
1020 2437 1218 2537 dispositio
1234 2438 1254 2512 ὲ

155 2549 324 2624 Praesule
337 2549 442 2624 sacta
453 2549 577 2645 suerit,
589 2551 789 2625 statuimus
807 2551 1074 2647 Sacerdotem,
1087 2552 1151 2651 qui
1167 2564 1255 2652 post

153 2666 271 2740 latum
289 2666 363 2740 hoc
381 2665 592 2740 Decretum
609 2665 750 2764 primus
768 2667 971 2764 deputatus
988 2667 1101 2743 fuerit
1117 2667 1139 2743 d
1155 2668 1254 2744 Prte-

154 2780 235 2855 sule
261 2781 311 2854 ad
336 2780 374 2854 id
400 2805 536 2855 munus
559 2781 789 2874 obeundum,
806 2782 1023 2857 habendum
1048 2807 1136 2858 esse
1162 2782 1254 2858 Pas·

154 2907 298 2986 torem3
333 2894 426 2969 alios
455 2908 583 2968 autem
614 2895 849 2969 Sacerdotes
875 2908 1012 2994 postea
1038 2898 1254 2996 deputatos,

154 3009 347 3108 adjutores
374 3010 456 3108 ejus
482 3009 692 3104 habendos,
716 3009 842 3085 donec
867 3011 977 3086 aliter
1001 3010 1149 3088 Praesul
1172 3013 1253 3113 ipss

153 3124 335 3198 statuerit.

203 3238 248 3311 V.
278 3237 375 3312 Cum
394 3236 529 3336 saepids
547 3237 695 3312 AEditui
720 3238 806 3314 laici
823 3241 932 3315 abusi
949 3241 1024 3315 sint
1042 3241 1130 3341 jore
1147 3242 1255 3319 sibit

154 3352 251 3427 civili
268 3364 459 3450 potestate
477 3353 629 3447 tributo,
645 3353 683 3427 in
708 3378 889 3453 magnum
915 3354 1128 3456 Religionis
1146 3357 1255 3432 detri-

153 3478 335 3560 mentum,
347 3492 424 3540 non
443 3467 523 3541 sine
542 3467 730 3543 Fidelium
743 3469 939 3563 scandalo,
952 3482 1130 3568 optamus
1142 3471 1256 3549 maxi·

153 3580 213 3656 mc
231 3581 371 3655 nullam
396 3580 435 3654 in
461 3593 655 3677 postorum
681 3582 774 3681 erigi
799 3583 1017 3658 Ecclesiam
1039 3596 1107 3660 aut
1122 3610 1255 3662 conse·

153 3695 263 3790 erari,
275 3695 347 3769 nisi
364 3694 476 3769 fuerit
493 3694 689 3794 Episcopo
707 3696 745 3771 in
759 3700 867 3796 cujus
886 3697 1057 3773 Dioeccsi
1075 3698 1257 3800 erigenda

153 3821 225 3903 est,
241 3811 279 3884 in
297 3809 440 3885 cultum
459 3808 623 3883 divinum
640 3822 679 3885 et
696 3810 894 3885 utilitatem
918 3811 1106 3888 Fidelium
1123 3814 1257 3891 instru-

153 3938 282 4001 mento
317 3925 459 4023 scripto
500 3925 713 4024 adsignata,
746 3929 1064 4026 quandocumque
1102 3929 1141 4006 id
1174 3930 1256 4006 fieri

152 4040 305 4139 poterit:
341 4039 590 4140 Regularium
621 4041 735 4115 etiarn
770 4042 967 4142 privilegiis
1003 4043 1114 4119 sartis
1142 4045 1255 4121 tectis

153 4155 324 4248 servatis,
345 4155 555 4231 secundum
577 4180 623 4229 ea
641 4181 725 4254 quae
743 4156 764 4229 ὲ
780 4157 874 4231 Jure
894 4159 1094 4234 Canonico
1113 4171 1153 4234 et
1175 4159 1256 4235 Ro

152 4294 350 4345 manorum
368 4270 599 4345 Pontificum
618 4271 962 4346 Constitutionibus
980 4275 1139 4349 decreta
1156 4286 1254 4350 sunt.
1345 4335 1347 4338 .

152 4385 243 4462 Hoc
268 4398 397 4460 tamen
428 4386 600 4461 Decreto
627 4385 718 4459 nihil
743 4386 924 4462 innovare
949 4388 1122 4464 volumus
1147 4389 1186 4465 in
1212 4391 1257 4465 sit
