2820 5010
295 779 611 922 coruum
644 692 1034 899 rotumum
1067 775 1102 933 ι,

151 1031 472 1111 BALTIMORI
489 1028 748 1107 HABITUM
765 1025 960 1103 MENSE
978 1025 1245 1122 OCTOBRI,

525 1229 680 1287 ΔΝΝΟ
727 1219 863 1283 itta.

587 1392 795 1407 m

311 1462 619 1618 anisium
661 1520 1093 1615 onororroum

153 1722 300 1799 Primoe
315 1724 432 1822 bajus
452 1720 617 1796 concilii
633 1719 826 1813 editionis,
838 1744 924 1818 quc
939 1719 1147 1795 Baitimori
1156 1746 1248 1822 pro·

182 1849 256 1924 tiit
272 1851 405 1925 atatim
414 1860 508 1949 port
524 1848 695 1947 queam
711 1846 878 1921 concilii
893 1849 1218 1948 approbationem.

264 2103 610 2183 auarissimo
648 2103 721 2179 no
759 2084 1138 2181 sancmssnuo

158 2334 479 2419 GREGORIO
506 2332 606 2415 XVI
636 2236 953 2414 iiiiib'lnwl
984 2330 1249 2435 MAXIMO,

256 2531 575 2584 nncflmmscol’us
601 2528 913 2600 commonstrata,
938 2529 1151 2588 CETERIQUB

432 2683 613 2726 monum
634 2682 785 2725 AMERIM
806 2681 982 2725 PRAEBUIAER·

160 2860 391 2935 Bnamssrna
418 2858 563 2952 Parra,

221 2986 362 3063 IMUL
387 3001 501 3085 atque
518 2987 747 3062 inscrutabili
770 2987 916 3063 Divinae
933 2987 1184 3065 Providentiae
1194 2992 1252 3090 ju-

239 3102 352 3196 dicio,
378 3126 425 3177 ac
453 3114 596 3176 sanotae
625 3101 738 3176 Sedis
768 3101 1005 3196 auctoritate,
1034 3102 1254 3203 Episcopali

160 3241 315 3291 munere
348 3216 452 3316 iimgi
485 3215 681 3314 coepimus,
713 3215 802 3290 nihil
836 3216 1022 3313 antiquius
1056 3218 1253 3295 habuimus

161 3332 270 3428 quim
300 3343 342 3405 ut
372 3356 469 3405 verae
498 3331 609 3406 Fidei
643 3331 914 3430 propagationi,
943 3355 990 3406 ac
1023 3332 1254 3432 Disciplinae,

160 3471 245 3544 quae
275 3445 350 3519 SS.
378 3443 606 3519 Pontificum
633 3446 796 3520 decretis
824 3445 1017 3543 sacrisque
1047 3449 1254 3525 canonibus

160 3572 264 3634 esset
291 3559 508 3653 conformia,
534 3558 778 3653 stabiliendae,
804 3559 888 3635 nisu
918 3572 999 3635 toto
1025 3561 1255 3638 incumbere·

158 3699 251 3749 mus.
304 3674 368 3749 Ad
381 3674 463 3748 haec
480 3673 590 3772 porrb
608 3686 824 3749 sanctarum
842 3674 1072 3772 synodorum
1090 3677 1253 3752 celebra-

158 3789 301 3864 tionem
318 3787 474 3863 multum
492 3787 664 3862 consone
682 3789 796 3887 probe
815 3789 992 3883 scientes,
1009 3789 1255 3867 Baltimorum

161 3903 418 3995 convenimus,
435 3913 474 3976 et
492 3901 705 3977 Concilium
722 3901 958 3988 Provinciale
976 3904 1133 4001 primum
1155 3931 1255 3982 men-

161 4042 203 4092 se
221 4017 385 4092 Octobri
402 4041 502 4090 anno
523 4020 618 4089 1829
635 4016 850 4091 habendum
867 4017 1076 4093 indiximua

210 4131 347 4205 Sancti
372 4131 482 4228 hujus
508 4129 680 4223 Concilii,
703 4131 925 4228 Apostolici
950 4132 1174 4209 auctoritate
1200 4137 1257 4211 fir-

162 4245 252 4319 mati
273 4245 455 4337 Decreta,
472 4244 639 4318 Romam
660 4244 709 4318 ad
734 4244 809 4319 SS.
828 4244 877 4320 D.
896 4244 944 4318 N.
970 4244 1076 4320 Pruu
1100 4248 1159 4322 fel.
1178 4275 1254 4326 rec.

164 4359 242 4433 ΡΡ.
258 4358 357 4435 VIII
371 4358 604 4452 transmissa,
617 4358 830 4433 Beatissimi
848 4357 973 4433 Patris
987 4362 1255 4459 approbatione
