2820 5010
548 438 800 491 nnovrncunr
827 440 880 491 m.
1190 420 1262 493 145

210 612 339 711 mque
357 613 440 689 haec
454 638 527 713 ego
540 613 799 714 irrfrascriptus
810 626 930 690 testor
948 616 1152 714 exemplari
1165 616 1259 691 RR.

151 726 250 801 DD.
270 728 431 803 concilii
449 729 608 803 Patrum
634 730 885 829 chirographo
912 731 1068 825 munito,
1085 731 1122 805 in
1146 731 1263 806 omni·

154 843 231 917 bus
248 843 468 919 conformia.
520 844 567 919 In
584 846 693 943 cujus
718 846 773 919 rei
790 846 917 940 fidem,
933 846 1033 920 lllni
1050 870 1096 921 ac
1121 845 1263 920 Revnn

156 957 211 1031 D.
230 958 522 1058 Archiepisoopi
538 959 711 1058 sigillum,
727 959 844 1058 ipsius
856 961 980 1058 jussu,
997 960 1167 1058 apposui.

210 1074 421 1171 Baltimori‚
437 1100 539 1150 anno
555 1075 607 1151 R.
628 1075 670 1149 S.
692 1079 801 1170 1837,
817 1076 879 1150 die
895 1080 944 1150 27
963 1076 1114 1175 Aprilis.

434 1188 481 1265 E.
501 1190 742 1286 Dnuruoux,
760 1190 802 1266 S.
821 1190 869 1264 T.
889 1190 938 1264 D.
959 1191 1210 1266 Secretun'us.

538 1490 800 1503 ›nummu-anam*
806 1492 853 1500 aas·

565 1701 861 1799 EPISTULA

166 1932 192 1982 S.
217 1929 550 1983 OONGREGATIONIS
573 1929 624 1981 DE
649 1926 898 1979 PROPAGANDA
921 1929 1009 1980 FIDE
1035 1928 1084 1980 AD
1109 1929 1265 1981 Ancum-

440 2044 629 2096 1’1scorun1
656 2042 987 2094 nnnmmonunsam.

211 2189 337 2270 Iuniis
356 2218 402 2267 nc
420 2187 567 2267 aniiu
584 2191 762 2287 Douma,

225 2337 406 2413 YNODI
419 2335 704 2411 Baltimorensis
718 2335 900 2429 Decreta,
910 2362 1042 2411 mense
1056 2336 1178 2435 Aprili
1191 2338 1281 2415 hoc*

242 2476 344 2528 anno
371 2453 584 2544 celebratae,
603 2451 644 2524 S.
668 2450 926 2550 Congregatio
953 2454 1166 2550 perpendit:
1193 2453 1268 2529 lau·

167 2567 266 2642 davit
286 2579 415 2641 autem
440 2562 678 2663 summopere
706 2564 748 2638 S.
769 2566 1026 2665 congregatio
1045 2566 1269 2664 Amplitudi-

166 2681 223 2755 nis
240 2694 316 2756 tuae
331 2693 371 2755 et
388 2681 669 2778 Episcoporum
687 2679 750 2777 qui
769 2680 929 2778 Synodo
946 2681 1195 2756 interfuerunt
1212 2706 1270 2756 sa·

167 2796 357 2897 pientiam,
387 2820 434 2871 ac
464 2794 574 2869 simul
602 2795 882 2870 commendavit
909 2796 1149 2894 perspicuum
1178 2796 1269 2871 illud

166 2912 331 2987 studium
345 2910 556 3009 Religionis
570 2909 660 2985 boni
677 2910 917 3007 procurandi,
931 2922 970 2984 et
983 2910 1270 2986 Ecclesiastico)

167 3026 373 3125 disciplinae
398 3025 671 3119 custodiendae,
696 3024 799 3122 quod
824 3024 862 3099 in
884 3024 1048 3100 decretis
1074 3024 1166 3123 ipsis
1189 3049 1271 3124 per·

167 3141 296 3239 spicue
315 3154 482 3239 apparet.

214 3256 409 3331 Nonnulla
421 3255 574 3353 quidem
590 3255 629 3329 in
647 3254 810 3330 decretis
828 3253 899 3328 illis
915 3265 1067 3351 reperta
1080 3266 1169 3329 sunt
1186 3280 1271 3352 quae

167 3371 355 3445 immutari
380 3370 519 3445 debere
547 3370 588 3444 S.
612 3370 870 3468 Congregatio
898 3368 1134 3463 existimavit,
1159 3381 1272 3471 prout

168 3487 204 3561 in
235 3485 484 3561 instructione
514 3485 573 3559 his
603 3485 735 3559 litteris
766 3484 916 3582 adjecti
945 3482 1177 3561 continetur:
1203 3485 1272 3560 sed

168 3600 243 3677 hoc
269 3599 419 3675 minime
445 3599 627 3697 impedire
655 3600 696 3673 S.
721 3599 979 3698 Congregatio
1005 3600 1167 3693 censuit,
1183 3625 1274 3698 quo

169 3713 290 3789 minis
309 3715 449 3789 Bffrum
467 3715 597 3788 Duum
618 3713 803 3788 Nostrum
821 3713 1059 3789 Gnaeonruu
1077 3713 1158 3787 ΡΡ.
1176 3713 1274 3790 XVI

169 3840 402 3927 precaretur,
419 3840 461 3903 ut
478 3828 703 3927 Apostolicl
720 3827 944 3902 auctoritate
963 3828 1180 3928 dignaretur
1198 3829 1275 3904 De·

170 3956 276 4018 creta
292 3943 376 4043 ipsa
397 3942 633 4018 confirmare.
686 3941 822 4039 Itaque
849 3941 906 4015 his
925 3941 1056 4016 litteris
1082 3942 1275 4040 adjectum

170 4059 338 4157 accipies
357 4084 509 4157 quoque
536 4058 746 4150 decretum,
763 4081 811 4130 ex
829 4080 905 4154 quo
922 4056 1107 4156 intelliges
1128 4057 1277 4132 Sancti-

170 4186 287 4248 tatem
319 4173 441 4248 Suam
468 4173 625 4247 decreta
651 4170 800 4270 Synodi
830 4170 1094 4246 confirmasse:
1129 4184 1276 4246 certum

171 4289 268 4364 enim
295 4290 412 4364 habet
437 4288 719 4363 immutationes
746 4287 793 4361 de
813 4286 947 4383 quibus
965 4284 1003 4360 in
1028 4284 1276 4361 instructione

171 4405 305 4504 agitur,
321 4429 390 4479 vos
409 4403 539 4479 libenti
556 4403 683 4479 animo
700 4427 788 4478 esse
806 4401 986 4478 facturos.

328 4522 374 4591 19
