2820 5010
160 394 209 466 ⁸0
448 416 664 466 GONGILIUM
690 416 981 467 Bunrlmoanrvsn

153 589 300 689 judicio
322 590 547 685 Praesulum,
567 603 835 688 sequerentur3
861 591 905 665 S.
928 591 1026 667 Sedi
1049 605 1267 669 reverenter

159 707 387 804 exponenda
402 730 529 780 rerum
542 708 723 805 adjuncta
736 732 953 802 censemus,
965 719 1008 783 ut
1025 711 1264 786 consuetudo

152 822 235 920 jam
252 821 490 895 invalescens
509 823 635 896 adhuc
653 823 900 920 permittatur.

208 936 318 1010 XIX.
347 935 495 1034 Optaut
513 936 704 1011 Proesules
722 937 833 1036 hujus
858 937 1071 1015 Provinciae
1088 952 1130 1015 ut
1153 942 1264 1016 beno·

158 1049 275 1126 dictio
299 1049 465 1125 mulieris
492 1064 580 1148 post
605 1062 766 1149 partum,
791 1077 868 1126 non
897 1053 1126 1151 promiscue,
1149 1067 1263 1153 atquc

156 1166 256 1241 nulla
282 1165 429 1240 ratione
460 1165 586 1240 habita
616 1190 812 1263 puerpera
842 1167 1115 1264 dispositionis,
1138 1193 1262 1267 neque

158 1293 266 1355 extra
282 1280 514 1376 Ecclesiam,
531 1281 590 1354 vel
606 1280 735 1356 locum
753 1282 816 1357 ubi
834 1282 999 1359 Sacrum
1016 1284 1071 1378 lit,
1083 1285 1122 1359 in
1139 1298 1263 1384 poste

158 1419 242 1471 rum
260 1395 488 1470 conferatur.

206 1509 296 1585 XX.
324 1510 552 1605 Statuimus,
563 1511 676 1609 juxta
692 1511 858 1588 Ritualis
881 1513 1052 1589 Romani
1067 1514 1260 1614 praescrip

156 1637 251 1721 tum,
266 1625 305 1700 in
322 1626 573 1701 sacramentis
600 1627 920 1722 administrandis,
937 1640 977 1702 et
1001 1629 1040 1703 in
1065 1630 1261 1705 defuncto

155 1766 238 1816 rum
266 1741 470 1838 sepultura,
487 1741 723 1817 Sacerdotes
751 1742 903 1818 omnino
930 1743 1053 1818 teneri
1079 1745 1131 1819 ad
1159 1744 1260 1819 adhi-

155 1856 320 1931 bendam
337 1856 504 1955 linguam
521 1854 715 1932 Latinam:
743 1869 782 1931 et
795 1858 828 1931 si
840 1858 1058 1932 censuerint
1071 1859 1270 1957 expedire,

156 1969 416 2069 explicationis
443 1973 570 2066 causi,
595 1996 728 2047 eorum
754 1997 839 2070 quaa
862 1973 1025 2047 recitant
1055 1973 1260 2074 adjungere

78 2168 84 2177 ,
156 2086 369 2161 versionem
393 2086 518 2186 lingui
542 2089 755 2182 vemaculsi,
772 2112 858 2161 eam
881 2088 1027 2163 tantum
1049 2088 1260 2164 versionem

155 2201 409 2276 adhibendam
435 2226 535 2296 esse,
552 2227 637 2300 quaa
660 2201 772 2277 fuerit
797 2204 845 2276 ab
873 2201 1076 2278 Ordinatio
1101 2204 1259 2279 sancita

156 2315 395 2413 Ubicumque
413 2326 542 2389 autem
559 2316 799 2391 consuetudo
817 2315 943 2414 aliqua
959 2316 1156 2393 invaluerit
1174 2318 1278 2401 huic,

155 2429 326 2506 Decrcto
360 2430 534 2526 adversa,
572 2455 658 2505 eam
692 2432 965 2529 quamprimum
999 2433 1259 2532 abrogandam

155 2545 368 2620 statuimus.

204 2658 315 2733 XXI.
343 2658 555 2734 Statuimus
575 2660 884 2737 confirmationis
898 2673 1181 2737 sacramentum
1198 2663 1261 2737 ad·

153 2772 440 2849 ministrandum
458 2799 545 2848 esse
562 2775 702 2849 nemini
728 2775 862 2850 minori
888 2775 1100 2872 septennio,
1116 2775 1189 2851 nisi
1209 2777 1258 2852 ol)

154 2889 364 2988 peculiares
381 2890 560 2985 rationes,
577 2916 609 2965 v.
629 2917 663 2990 g.
683 2891 720 2964 in
738 2891 868 2966 mortis
887 2891 1067 2989 periculo.

202 3004 333 3079 XXII.
362 3004 698 3105 Quandocumque
725 3006 974 3081 Confirmatio
1003 3007 1169 3105 plurimis
1195 3009 1259 3083 ad·

153 3119 397 3214 ministratur,
426 3121 627 3196 statuimus
663 3122 866 3196 schedulas
898 3123 1095 3219 quasdam,
1122 3122 1257 3221 quibus

154 3233 309 3308 uomina
326 3258 459 3309 eorum
485 3235 549 3332 qui
574 3235 823 3310 confirmandi
847 3247 936 3310 sunt
959 3236 1260 3332 inscribamus

153 3347 317 3423 Pastore
346 3350 548 3449 unicuique
577 3352 736 3445 dandas,
763 3377 857 3450 quas
888 3352 1085 3451 Episcopo
1120 3354 1258 3428 Sacra-

153 3475 322 3539 mentum
340 3464 644 3541 administratum
663 3467 875 3541 exhibeant.

202 3578 354 3653 XXIII.
383 3581 595 3656 Statuimus
624 3582 828 3659 Sacerdoti
855 3584 958 3678 nulli,
975 3584 1009 3659 vi
1034 3584 1256 3660 facultatum

152 3694 384 3794 generalium
402 3695 472 3768 sibi
496 3721 768 3773 concessarum
786 3699 1001 3774 celebrandi
1020 3699 1058 3773 in
1076 3724 1257 3798 quocum·

152 3833 226 3908 que
244 3810 332 3884 loco
351 3809 514 3904 decenti,
531 3811 645 3886 licere
662 3813 826 3888 Missam
844 3814 1037 3890 celebrare
1055 3814 1094 3889 in
1111 3816 1256 3891 aedibus

151 3925 316 4023 privatis,
345 3925 416 3999 nisi
444 3924 483 3999 in
515 3925 763 4021 Stationibus,
792 3940 831 4002 et
858 3928 895 4003 in
921 3929 965 4003 iis
991 3929 1135 4004 aedibus
1161 3955 1256 4029 quas

151 4039 377 4114 Ordinarius
405 4039 674 4141 designaverit3
704 4054 770 4116 aut
799 4043 901 4136 dum,
929 4057 1031 4137 actu,
1058 4043 1255 4120 Missionis

150 4153 353 4247 exercitiis,
383 4156 513 4250 procul
545 4158 591 4230 ab
623 4157 745 4253 aliqui
774 4156 963 4252 Ecclesia,
993 4160 1058 4233 dat
1089 4184 1255 4257 operam.

152 4266 268 4350 Quod
297 4269 329 4342 si
357 4267 547 4343 Ordinarii
576 4270 665 4343 alias
694 4274 910 4347 concedant
938 4274 1127 4348 licentiam
1159 4275 1256 4349 cele·

149 4385 282 4461 brandi
307 4385 344 4460 in
362 4384 516 4484 privatis
534 4386 690 4481 aedibus,
707 4389 756 4462 ob
774 4389 962 4486 speciales
980 4391 1256 4467 circumstanti·
