2820 5010
163 400 234 472 13⁶
446 420 660 471 concrururr
686 420 978 472 ssurruorurnsa

160 595 353 671 Numerus
379 595 493 670 etiam
519 595 796 690 Ecclesiam,
820 595 1099 695 parochiarum,
1119 620 1202 692 seu,
1221 607 1263 674 ut

159 710 262 809 apud
275 734 346 784 nos
360 721 557 804 vocantur,
568 711 932 809 Congregationum,
941 722 1103 810 augetur
1114 711 1269 809 ubique,

159 825 353 921 multoque
386 824 507 923 magis
541 836 757 923 augeretur,
785 823 855 899 sed
886 824 977 899 heu!
1026 824 1264 899 Bssnssurx

158 938 306 1033 Purra,
321 964 501 1013 numerus
527 939 798 1037 operariorum,
814 939 984 1038 quamvis
1006 939 1120 1015 etiam
1145 939 1266 1016 incre-

157 1053 265 1148 verit,
281 1065 320 1128 et
345 1053 383 1128 in
400 1053 482 1128 dies
507 1040 711 1147 increscat,
727 1053 833 1129 valdd
859 1053 1013 1128 inferior
1029 1065 1090 1129 est
1113 1053 1167 1128 illi
1186 1078 1263 1153 quo

157 1193 255 1267 opus
273 1179 345 1263 est,
360 1167 471 1267 longe
496 1167 618 1266 impar
634 1168 925 1244 necessitatibus
950 1168 1161 1243 animarum
1178 1192 1264 1244 nos

157 1295 227 1359 tna
246 1307 350 1360 curae
372 1283 680 1377 commissarum,
705 1296 746 1358 et
769 1309 884 1359 nemo
910 1295 971 1358 est
987 1308 1036 1359 ex
1059 1283 1184 1378 uobis,
1200 1283 1263 1381 qui
1326 1272 1328 1277 ¹

157 1399 231 1493 hae
254 1399 485 1473 necessitate
508 1422 676 1497 pressus,
692 1399 950 1497 operariorum
968 1398 1137 1497 penuriae
1152 1398 1262 1475 effoc-

156 1524 218 1587 tus
235 1512 407 1612 religioni
431 1512 617 1588 infaustos
635 1512 834 1612 deplorare
859 1537 937 1589 non
962 1525 1135 1613 cogatur.
1185 1513 1262 1588 De

156 1627 283 1725 nique,
300 1637 339 1700 et
365 1626 525 1701 Sedium
551 1626 839 1726 Episcopalium
863 1627 902 1701 in
919 1627 993 1702 hac
1018 1629 1150 1703 nostrd
1170 1627 1262 1702 Pro

157 1742 290 1837 vineit,
305 1742 529 1817 Sanctitetis
548 1743 697 1818 Vestrae
714 1742 868 1841 provida
885 1754 924 1817 et
940 1742 1102 1841 sapienti
1117 1742 1264 1819 ordino·

156 1857 272 1951 tione,
305 1868 441 1932 auctus
476 1868 537 1931 est
576 1882 768 1951 numerus,
801 1868 917 1955 atque
949 1880 1050 1931 nova
1083 1856 1262 1933 decede

155 1983 287 2046 erecta
309 1971 392 2069 jam
417 1971 607 2069 experitur
636 1970 817 2070 quantum
842 1973 892 2047 ad
921 1971 1113 2071 religionis
1142 1971 1262 2047 incre

156 2097 325 2160 mentum
351 2085 472 2183 gratia
499 2085 720 2183 Episcopali
746 2085 880 2179 ordini,
904 2085 981 2159 Dei
1004 2085 1262 2178 misericordil

155 2223 357 2293 concessa,
373 2201 560 2298 prolicere
577 2198 708 2298 possit
760 2200 825 2275 Re
841 2200 996 2299 quidem
1014 2202 1101 2275 veru
1116 2200 1170 2276 nil
1185 2199 1262 2277 feli·

156 2314 251 2408 cius,
267 2313 319 2388 nil
336 2315 502 2412 optatius
519 2314 558 2389 in
575 2314 791 2390 Foederatis
809 2314 1001 2390 Amerieae
1026 2315 1262 2414 Septentrio

155 2428 250 2504 nalis
276 2428 486 2504 Provinciis
512 2429 682 2528 religioni
712 2429 934 2530 contingere
960 2440 1125 2527 poterat,
1149 2429 1261 2528 quim

156 2545 317 2620 Sedium
343 2544 643 2643 Episcopalium,
659 2556 849 2643 quotquot
872 2570 974 2619 nunc
994 2544 1038 2618 'in
1056 2545 1101 2618 eri
1123 2544 1261 2642 reperi·

52 2702 59 2717 «
154 2672 280 2753 untur,
301 2658 454 2733 erectio.
507 2658 756 2752 Vastissimae,
778 2683 864 2756 quoe
889 2658 939 2732 ad
965 2657 1260 2733 Occidentalem

156 2775 305 2874 plagam
324 2774 433 2873 longe
448 2775 599 2870 lateque
613 2785 745 2871 patent
762 2775 951 2872 regiense,
961 2784 1001 2846 et
1016 2772 1055 2846 iu
1074 2773 1147 2870 qud
1158 2796 1260 2849 nuno

154 2889 332 2986 quinque,
354 2887 661 2962 Cincinnatensis
687 2887 847 2981 scilicet,
868 2886 1088 2980 Burdensis,
1110 2886 1261 2962 Detroi-

154 3002 286 3096 tensis,
302 3001 684 3099 Vincennopolituna,
701 3013 741 3075 et
758 3000 1151 3075 Sanctiludovicensis
1172 3001 1260 3076 diut-

153 3144 266 3195 ceses
291 3119 499 3193 florescunt
524 3117 723 3193 catholicis
749 3117 946 3209 institutis,
972 3129 1074 3191 terra
1095 3115 1261 3209 deserta,

153 3245 194 3308 et
209 3233 320 3327 invia,
337 3246 376 3307 et
401 3233 599 3331 inaquosa,
616 3244 655 3306 et
672 3243 792 3325 vasta,
809 3231 1032 3306 solitudines
1048 3231 1087 3305 in
1112 3229 1158 3305 iis
1176 3256 1260 3330 quoe

152 3349 202 3423 ad
233 3348 452 3446 religionem
478 3358 655 3445 spectant
685 3345 969 3440 remansissent,
998 3345 1069 3420 nisi
1099 3344 1259 3444 Episco

153 3465 260 3563 pales
279 3465 405 3537 Sedes
431 3464 481 3537 ibi
499 3474 638 3538 erecte
655 3462 825 3537 fuissent.
878 3461 952 3536 His
971 3460 1128 3536 adducti
1150 3461 1260 3537 ratio·

153 3578 276 3671 nibus,
290 3577 543 3651 Sanctitatom
558 3577 737 3651 Vestram
751 3576 943 3674 supplices
956 3574 1103 3674 precati
1116 3599 1259 3668 sumus,

152 3705 195 3768 ut
211 3716 329 3767 novas
344 3691 597 3790 Episcopales
612 3692 738 3767 Sedes
753 3692 898 3791 erigere
912 3692 1087 3789 dignetur
1104 3690 1142 3764 in
1158 3704 1259 3766 statu

152 3807 397 3905 Mississippr'
422 3816 461 3878 et
496 3805 719 3880 Tenuessee.
773 3805 995 3879 Remanent
1018 3805 1145 3899 etiarn,
1162 3805 1259 3880 Bas·

153 3943 302 3994 ussum
317 3918 464 4012 Peren,
475 3918 524 3992 ad
538 3919 831 3994 Occidentalem
844 3919 995 4018 plagam
1006 3919 1184 4018 regiones
1196 3920 1259 3994 im·

152 4059 304 4110 mensae.
349 4033 552 4127 Catholici,
565 4034 628 4132 qui
646 4046 726 4109 tum
744 4059 792 4108 ex
810 4034 966 4132 Europd
982 4034 1021 4108 in
1038 4034 1259 4110 Americam

152 4148 447 4248 transnavigant,
468 4151 527 4225 vel
553 4175 601 4224 ex
627 4149 898 4248 antiquioribus
923 4149 1041 4248 ipsius
1067 4150 1260 4226 Americae

152 4263 366 4364 provinciis,
387 4289 506 4339 novas
532 4264 645 4338 redes
672 4276 898 4362 quaerentes,
921 4265 970 4339 ad
997 4262 1258 4339 occidentales

151 4379 326 4479 migrant,
342 4402 496 4477 gressus
515 4377 679 4477 dirigunt
695 4378 745 4452 ad
763 4377 964 4472 territoria,
980 4402 1065 4476 quoe
1082 4378 1182 4453 inter
1198 4402 1258 4454 su·
