2820 5010
580 347 810 399 PLENABIUM.

471 590 885 747 'urlsrour

151 864 221 942 135ss
239 888 430 941 PRAEFECTI
446 887 474 936 S.
490 884 817 936 conenuutrlonrs
834 887 884 937 DE
898 848 1145 941 adornatum
1159 892 1246 942 rma

203 1006 253 1056 An
279 999 610 1055 Altcntumscorum
628 998 960 1074 Bnurlmonunsurt,
976 1004 1026 1054 DE
1057 1005 1248 1058 uulsooals

202 1118 276 1170 PER
294 1115 464 1169 suasum
482 1113 533 1163 EX
551 1112 723 1163 Pltornns
743 1115 976 1167 DIOEOESIBUS
992 1117 1188 1190 Juvnnms,
1201 1121 1248 1170 ET

202 1234 252 1285 DE
288 1229 539 1283 PBESBYTERIS
572 1225 736 1278 onnlnus
770 1228 992 1283 nnautaltus
1026 1232 1249 1284 manamau-

202 1349 322 1399 TlBUS.

152 1521 276 1608 Iuniis
303 1555 352 1605 ar
376 1527 521 1605 Ruvsin
547 1531 724 1625 Douma,

236 1661 471 1739 ELATUM
490 1673 548 1736 est
564 1662 602 1736 in
614 1660 791 1735 Plenaria
805 1660 964 1759 Synodo
978 1674 1248 1760 pertractatum

260 1801 412 1879 quoque
436 1776 553 1849 fuisse
571 1776 619 1849 de
637 1775 783 1849 ratione
801 1775 927 1872 aliqua
943 1775 1107 1851 ineunda
1132 1790 1173 1853 ut
1198 1781 1248 1854 ad

153 1916 272 1967 onera
282 1890 341 1965 sui
352 1890 516 1964 muneris
530 1888 753 1963 sustinenda
769 1887 953 1987 Episcopi
964 1891 1086 1988 juvari
1104 1893 1250 1989 possint

154 2005 328 2080 subsidiis
341 2030 388 2078 ex
399 2002 556 2101 propriis
568 2002 804 2078 dioecesibus.
848 2002 1016 2099 AEquum
1029 2007 1200 2103 profecto
1211 2008 1249 2082 id

154 2120 310 2194 ridetur.
363 2117 495 2199 Quum
512 2129 639 2191 tamen
656 2116 849 2214 multiplex
872 2118 1031 2214 proponi
1048 2120 1249 2198 methodus

155 2235 292 2327 valeat,
325 2231 546 2305 Antistitum
580 2232 769 2305 sententia
798 2230 867 2304 erit
901 2232 1162 2329 cirquirenda:¹
1184 2262 1251 2334 per

156 2346 473 2443 Metropolitanos
492 2369 580 2418 vero
608 2343 718 2418 facile
737 2345 957 2443 Amplitudo
981 2360 1047 2421 tua
1072 2361 1249 2446 praestare
1313 2441 1316 2446 ⁵

156 2463 194 2537 id
212 2460 359 2560 poterit.
412 2459 746 2557 supervacaneum
771 2470 898 2534 tamen
924 2460 1025 2535 haud
1053 2462 1122 2537 erit
1147 2463 1252 2539 innu-

158 2601 222 2651 ere
248 2574 437 2649 Proesules
463 2573 713 2648 Canadenses
739 2574 932 2670 superiore
956 2599 1055 2649 anno
1074 2602 1121 2650 oa
1143 2578 1191 2651 de
1209 2604 1250 2652 re

158 2702 425 2789 pertractasse,
441 2714 528 2764 cum
555 2686 818 2785 proposuerint
845 2700 886 2762 ut
915 2691 974 2764 vel
1000 2691 1129 2765 liceret
1155 2694 1252 2768 acci·

158 2830 248 2904 pere
264 2804 413 2879 tertiam
430 2816 576 2902 partem
594 2813 840 2903 proventuum
857 2801 966 2876 unius
984 2805 1170 2901 paroeciae,
1186 2820 1253 2882 aut

159 2920 317 2995 duarum
348 2917 596 3019 paroeciarum
628 2916 668 2990 in
698 2915 870 3011 dioecesi,
903 2915 962 2991 vel
992 2931 1163 3016 quartam
1187 2934 1252 2997 aut

159 3035 326 3132 quintam
352 3044 511 3132 partem,
527 3032 559 3106 si
576 3031 673 3106 inter
689 3041 766 3105 tres
790 3042 856 3105 aut
881 3042 1042 3128 quatuor
1067 3035 1251 3132 paroecias

159 3140 385 3225 divideretur
414 3173 529 3239 onus,
555 3147 613 3221 vel
642 3146 828 3221 decimam
855 3158 999 3245 partem
1027 3150 1254 3245 reddituum,

159 3266 191 3340 si
204 3265 300 3340 inter
317 3265 457 3363 plures,
469 3262 534 3338 aut
550 3263 629 3338 sere
643 3285 775 3336 omnes
792 3261 977 3359 paroecias
996 3264 1253 3364 supradictum

159 3405 254 3454 onus
281 3378 521 3471 divideretur,
545 3376 673 3450 habita
701 3375 846 3449 ratione
876 3375 1251 3453 circumstantiarum.

160 3494 202 3569 S.
232 3491 489 3592 Congregatio
519 3489 814 3589 propositionem
843 3489 973 3565 ultimo
1003 3491 1090 3565 loco
1118 3492 1255 3568 exhibi-

159 3621 238 3683 tam
268 3607 416 3684 ccnsuit
445 3605 569 3704 potius
598 3628 684 3678 esse
714 3604 1032 3701 amplectandam,
1060 3617 1174 3703 atque
1204 3606 1254 3682 ad

161 3746 248 3796 eum
266 3745 438 3819 scopum,
455 3719 586 3793 ssno
611 3717 701 3792 Duo
726 3716 870 3791 Nostro
889 3719 1085 3818 probante,
1100 3719 1138 3795 in
1155 3720 1256 3795 savo-

159 3861 239 3909 rem
266 3833 548 3910 Canadensium
575 3830 796 3906 Antistitum
817 3831 886 3905 suit
911 3831 1028 3907 latum
1046 3834 1252 3909 decretum.

209 3949 378 4025 Innotuit
410 3947 549 4045 paritor
572 3945 774 4043 aliquando
800 3946 949 4020 evenire
975 3959 1029 4041 ut,
1045 3948 1189 4045 absque
1217 3949 1256 4023 li·

160 4064 286 4138 centia
302 4063 499 4161 Episcopi,
515 4059 734 4157 Presbyteri
760 4060 1006 4136 Missioiribus
1024 4063 1166 4138 addicti
1184 4063 1257 4138 Or-

160 4183 267 4256 dines
309 4180 524 4280 Regulares
562 4176 830 4277 ingrediantur,
863 4177 963 4251 unde
997 4177 1255 4274 gravissimum

160 4296 267 4371 isthic
291 4295 377 4371 oriri
403 4295 499 4368 solet
526 4292 789 4368 detrimentum
808 4292 856 4365 ob
883 4292 1124 4367 sacerdotum
1142 4318 1256 4391 penu·
