2820 5010
547 438 800 489 rnovmcrunn
827 439 866 491 u.
1005 472 1011 481 .
1182 421 1252 490 101

151 610 327 708 immod,
344 613 573 714 Cape-May,
585 615 648 712 qui
665 614 754 688 olim
768 607 817 688 ud
835 613 1111 689 occidentalem
1122 616 1257 716 Jcrrey

155 731 406 828 pertinebant,
431 730 628 829 Episcopo
653 731 974 829 Philadelphiensi
998 731 1036 805 in
1061 744 1254 829 posterum

154 847 372 921 censendos
391 870 477 919 esse
495 848 708 945 subjectos3
726 846 862 921 ccte'ris
882 846 1147 941 Comitetibus,
1159 848 1258 922 vide·

154 960 245 1035 licet
262 962 420 1054 ffloesex,
433 961 602 1061 Bergen,
613 961 776 1053 Moses,
789 960 925 1054 Esses,
939 962 1142 1055 Somerset,
1153 961 1257 1036 ulio

154 1075 286 1150 durax
309 1087 349 1149 et
372 1075 608 1150 Moumouth
637 1075 888 1174 Episcopatui
917 1074 1256 1151 NeoEborucensi

155 1191 357 1288 adjunctis.

204 1304 395 1379 Dioeccsis
426 1305 688 1379 Bostoniensis
719 1304 984 1401 complectitur
1016 1302 1256 1378 Provinciam

155 1416 478 1512 Masouchusctts‚
512 1418 584 1493 uni
621 1444 707 1493 cum
746 1416 955 1493 Provinciis
994 1416 1258 1513 Connectr'cut,

156 1531 449 1625 Rhode-lelund,
471 1531 1023 1630 Vermm‚luuer1ampsmr0
1047 1542 1086 1604 et
1107 1531 1255 1607 Meiere.

206 1648 397 1722 Dioecesis
432 1647 686 1721 Detroitensis
717 1645 981 1742 complectitur
1009 1644 1257 1720 Territorium

156 1762 378 1864 Micltigan,
390 1762 464 1837 une
477 1788 564 1837 cum
578 1761 789 1837 Territorio
802 1760 904 1836 dicto
920 1761 1255 1836 North-Wcrtm.

204 1878 395 1954 Dioecesis
414 1877 718 1953 Cincinnutensis
736 1877 1001 1975 complectitur
1016 1875 1256 1951 Provinciam

162 1994 269 2068 osio.

205 2107 396 2182 Dioecesis
427 2106 470 2180 S.
502 2105 689 2181 Ludovici
718 2105 984 2203 complectitur
1016 2104 1255 2181 Provinciam

154 2222 361 2315 Missum-i,
385 2220 459 2296 uni
484 2247 571 2295 cum
598 2219 807 2294 Territorio
837 2220 941 2294 dicto
965 2220 1188 2311 Arionem
1218 2233 1257 2294 et

155 2337 279 2411 donec
297 2335 371 2409 ulia
387 2346 517 2409 erecta
534 2334 645 2409 suerit
663 2335 789 2408 Sedes
812 2333 1054 2433 Episcopulis
1078 2336 1115 2409 in
1133 2335 1257 2410 Terri-

152 2450 252 2524 torio
268 2449 367 2524 intra
386 2448 523 2541 limites
543 2448 721 2522 Statuum
740 2448 953 2542 Unitorum,
970 2451 1072 2547 quod
1090 2451 1139 2524 ad
1158 2449 1256 2524 occi·

155 2564 347 2638 dentalem
360 2564 511 2662 plagam
524 2562 686 2637 fluminis
699 2563 942 2663 Mississrppi
947 2564 1066 2661 jacet,
1077 2564 1257 2661 spirituali

146 2677 400 2774 jurisdictioni
424 2678 608 2777 Episcopi
627 2679 668 2753 S.
688 2677 875 2754 Ludovici
896 2678 1145 2754 Territorium
1163 2680 1254 2754 illud

154 2795 367 2892 subjectum
384 2805 564 2867 remanet.

205 2908 395 2984 Dioeccsis
407 2906 613 2983 Burdensis
628 2908 890 3004 complectitur
903 2908 1142 2984 Provinciam
1156 2909 1256 2983 Ken-

158 3025 274 3122 tuelty
290 3023 363 3098 unit
380 3048 467 3097 cum
485 3021 684 3096 Provincit
706 3021 927 3096 Tenncssec.

206 3136 396 3212 Dioecesis
419 3136 728 3233 Curolopolitana
753 3135 1017 3233 complectitur
1033 3135 1254 3210 Provincias

157 3262 248 3345 tres,
272 3251 419 3326 scilicet
448 3251 672 3325 carolinum
696 3250 1007 3343 lllcmdioualcm,
1031 3249 1257 3325 Carolinam

160 3366 504 3465 Septentrionem
521 3378 559 3437 et
582 3365 801 3462 Georgium.

205 3478 396 3553 Dioecesis
414 3478 798 3552 Neo-Aurelianensis
820 3477 1085 3575 complectitur
1101 3477 1256 3553 Provin-

158 3591 236 3666 cies
254 3593 456 3667 Luisiom
473 3605 512 3666 et
528 3593 780 3691 Mssiseippi.

204 3707 395 3782 Dioecesis
408 3706 645 3782 Mobiliensis
660 3707 925 3805 complectitur
937 3706 1158 3783 Provincias
1169 3708 1255 3782 ula-

158 3821 278 3897 lamoe
295 3834 334 3896 et
352 3823 615 3896 Floridurum.

205 3935 303 4010 Cium
326 3949 453 4011 eutem
469 3960 570 4011 nove
590 3937 702 4010 sedes
721 3935 961 4035 Episcopulis
979 3937 1257 4035 Vincennopoli

156 4048 192 4122 in
210 4049 409 4125 Provinciis
426 4052 602 4125 ludione
620 4051 798 4148 erigenda
815 4051 997 4146 videatur,
1014 4051 1151 4126 Patres
1170 4077 1256 4126 cen·

157 4177 311 4237 suerunt
334 4165 622 4262 supplicandum
642 4165 736 4238 Sedi
753 4164 988 4261 Apostolicae
1005 4179 1047 4240 ut
1064 4177 1146 4240 totu
1163 4165 1255 4239 Pro-

159 4277 277 4351 vincia
304 4280 492 4372 lndianoe,
516 4279 589 4352 uni
615 4304 701 4353 cum
732 4291 839 4375 perte
865 4279 1020 4354 imonis
1045 4280 1253 4354 Dioecesim

158 4414 290 4466 novam
322 4393 542 4488 constituet,
564 4394 704 4491 reliquit
726 4405 833 4492 purte
860 4392 1030 4469 Dioeccsi
1059 4395 1101 4468 S.
1127 4394 1255 4468 Ludo-
