2820 5010
531 404 782 454 raovmcmns
810 404 872 454 vu.
1179 384 1253 457 283

151 578 337 679 corrigas,
352 590 392 654 et
408 579 536 654 omnia
552 580 771 678 conspirent
788 580 837 653 ad
854 605 925 655 nos
943 580 1173 679 Fidelesque
1188 605 1253 656 uo·

154 693 212 768 bis
229 694 455 771 commissos
478 694 516 768 in
533 719 650 769 unum
667 718 807 792 corpus
826 694 968 769 Christi
990 696 1123 794 majori
1146 695 1254 769 firmi·

153 819 234 883 tate
248 809 503 902 aedificandos,
517 820 555 884 et
574 808 736 906 Spiritus
755 809 909 883 Domini
925 804 1254 909 magis'magisque

155 923 230 997 vim
248 948 356 999 suam
375 936 413 999 et
430 925 543 998 vitam
562 923 754 999 diffundat.

205 1038 282 1112 Ast
299 1051 474 1135 quantus,
490 1038 581 1113 heu!
599 1039 708 1112 dolor
721 1037 867 1112 animos
884 1049 1036 1113 nostros
1055 1038 1256 1136 oppressit,

155 1175 245 1226 cum
262 1152 322 1226 Te
334 1154 415 1250 jam
433 1154 599 1246 exulare,
615 1164 654 1226 et
671 1152 894 1245 libertatem,
911 1152 944 1225 si
966 1177 1043 1226 non
1066 1152 1188 1249 ipsam
1206 1151 1255 1226 vi·

155 1266 349 1365 tam,sugi
365 1291 516 1341 servare
534 1266 579 1342 ed
596 1278 725 1341 actum
742 1265 992 1360 meminimus,
1008 1264 1095 1340 cirm
1113 1267 1161 1340 ab
1179 1290 1256 1340 om·

156 1378 266 1455 nibus
292 1381 404 1454 animi
430 1380 526 1480 grati
550 1381 728 1456 tributum
752 1392 792 1454 et
816 1379 954 1454 amoris
978 1379 1256 1479 flagrantissimi

157 1517 293 1568 sensus
311 1493 399 1569 Tibi
416 1495 584 1594 proferre
602 1494 839 1594 gestiendum
856 1493 999 1568 fuisset.

206 1607 291 1683 Nos
308 1608 381 1708 ipsi
397 1624 437 1683 et
453 1608 607 1684 Fideles
626 1608 757 1702 nostri,
768 1607 843 1682 imd
860 1631 993 1682 omnes
1010 1608 1121 1707 hujus
1138 1609 1258 1707 regio-

156 1721 215 1797 nis
240 1723 388 1817 incoloe,
410 1722 533 1797 mirati
557 1747 687 1797 sumus
712 1720 995 1821 benignitatem,
1017 1723 1256 1797 clementiam

159 1848 198 1910 et
215 1836 450 1935 sapientiam,
466 1861 625 1936 quarum
642 1839 690 1911 ab
713 1837 797 1935 ipso
819 1836 1057 1934 pontificatis
1074 1837 1129 1911 tui
1153 1836 1256 1911 initio

158 1962 236 2024 tom
249 1951 440 2026 luculenta
452 1950 894 2050 argumentaexhibuisti.
931 1949 1119 2025 Omnibus
1130 1950 1257 2025 videre

158 2064 274 2160 licuit,
291 2066 390 2140 sicut
407 2078 446 2140 et
471 2066 655 2163 prioribus
673 2066 835 2159 saeculis,
851 2065 905 2139 ita
924 2077 964 2139 et
987 2091 1088 2140 nunc
1106 2090 1257 2164 quoque

157 2179 194 2254 in
207 2180 380 2255 maximis
398 2180 572 2280 periculis
591 2179 698 2255 Petri
716 2181 861 2255 Sedem
873 2179 1126 2255 firmissimum
1140 2180 1258 2255 socie·

157 2295 244 2369 tatis
268 2295 443 2371 humanae
467 2296 681 2394 praesidium
699 2307 738 2369 et
755 2295 932 2370 auxilium
953 2295 1126 2370 existere.
1178 2295 1259 2371 Fir·
1308 2375 1310 2379 Α

158 2409 268 2483 mitas
295 2410 395 2485 enim
420 2410 496 2505 illa,
519 2435 631 2507 quam
657 2409 832 2485 Christus
857 2409 1045 2484 Dominus
1071 2409 1261 2485 Ecclesiae

158 2547 273 2622 supra
302 2525 460 2599 Petrum
488 2525 665 2622 tanquim
691 2525 880 2599 immobile
898 2524 1182 2598 fundamentum
1208 2524 1260 2598 in·

157 2637 256 2715 nixoe
288 2640 494 2733 concessit,
527 2640 570 2713 iis
605 2640 719 2713 etiam
753 2639 926 2713 humanis
959 2638 1136 2712 institutis
1170 2663 1259 2712 cum

157 2753 292 2851 quibus
316 2756 523 2853 conjuncta
546 2754 671 2828 existit
699 2754 823 2850 aliquo
849 2754 965 2827 modo
990 2752 1259 2828 communicari

158 2869 313 2943 videtur.
368 2868 566 2966 Sapientia
591 2868 729 2965 pariter
754 2868 828 2959 illa,
852 2892 965 2963 quam
993 2867 1155 2965 Spiritus
1181 2868 1260 2941 Do·

158 2982 247 3058 mini
264 2984 302 3058 in
320 2983 499 3059 Ecclesii
516 3007 666 3081 semper
683 3007 840 3056 manens
864 2981 908 3055 iis
926 2982 1061 3081 ingerit
1078 3007 1145 3079 per
1163 3006 1258 3078 quos

158 3123 299 3197 corpus
321 3098 464 3175 Christi
491 3099 643 3196 regitur,
659 3098 786 3171 radios
811 3121 901 3170 suos
926 3097 1091 3194 undique
1113 3097 1260 3190 emittit,

158 3228 198 3287 et
227 3213 315 3288 crim
345 3213 419 3287 alia
444 3215 607 3288 obscura
637 3213 743 3306 fiunt,
766 3211 943 3308 tanquim
973 3213 1036 3286 lux
1063 3211 1195 3286 lucens
1220 3211 1259 3286 in

160 3327 367 3428 caliginoso
386 3329 473 3402 loco
492 3340 661 3401 errantes
679 3328 717 3400 in
734 3339 884 3424 portum
901 3326 1060 3400 reducit.

208 3442 287 3536 To,
317 3442 551 3516 Baxmssrua
586 3442 733 3535 Purra,
761 3442 858 3515 inter
887 3440 1075 3538 principes
1105 3440 1260 3538 primus,

160 3556 262 3631 nullo
280 3568 458 3655 cogente,
471 3557 540 3630 sed
558 3556 709 3653 proprio
727 3568 844 3649 motu,
858 3579 905 3629 ea
918 3554 1143 3630 concessisti
1159 3554 1260 3628 insti·

159 3681 241 3745 tuta
258 3695 355 3768 quae,
366 3671 534 3766 quamvis
553 3670 718 3767 supremi
735 3669 977 3768 gubemantis
995 3668 1258 3743 auctoritatem

161 3783 429 3881 aliquantulum
446 3785 627 3877 minuant,
644 3795 871 3881 tempestate
895 3785 1023 3857 nostri
1043 3783 1261 3858 necessaria

160 3897 391 3973 videbantur.
443 3898 562 3972 Plane
587 3898 784 3972 ostendisti
809 3911 971 3995 quantus
996 3910 1034 3971 et
1058 3898 1169 3994 quim
1190 3896 1261 3971 sin·

161 4038 272 4088 cerus
286 4014 511 4112 populorum
525 4037 632 4087 amor
644 4013 682 4086 in
694 4014 810 4087 corde
822 4013 1050 4088 sacerdotali
1063 4012 1260 4087 Pontificis

160 4129 305 4221 ardeat,
322 4140 360 4202 et
385 4129 502 4203 telum
526 4127 693 4226 eripuisti
716 4127 837 4225 impiis
860 4127 922 4224 qui
945 4127 1076 4224 patriae
1093 4151 1261 4201 amorem

161 4242 261 4340 apud
275 4265 344 4316 eos
358 4240 504 4315 tantirm
518 4241 679 4316 existere
694 4242 950 4337 clamitabant,
962 4241 1025 4340 qui
1042 4241 1261 4341 religionem

161 4369 200 4432 et
216 4357 475 4434 sacerdotium
492 4370 725 4456 spernerent.
