2820 5010
445 432 448 439 ·
515 419 770 473 raovrncmaa
795 421 845 472 iv.
1182 406 1251 479 181

155 599 222 674 sub
235 596 464 697 principibus
478 596 696 696 religionem
710 596 964 673 Christianam
980 598 1255 698 profitentibus,

155 724 440 810 persecutorum
465 713 620 806 saeoula,
639 711 793 787 insidias
810 723 851 786 et
867 713 1046 788 saevitiem
1063 716 1253 792 revixisse.

155 827 236 902 Sed
253 827 356 923 Deo,
368 827 432 925 qui
449 851 491 900 se
510 825 700 902 Ecclesiae
717 851 796 900 suae
812 852 933 924 usque
951 829 1001 903 ad
1018 854 1255 906 consumma-

153 942 295 1017 tionem
312 942 443 1018 soeculi
463 941 664 1016 affuturum
685 940 869 1040 promisit,
884 943 1094 1042 benigniter
1111 946 1257 1044 sapien-

154 1068 286 1155 terque
299 1057 534 1155 providente,
547 1055 795 1150 constantiis,
808 1055 1029 1133 Veientibus
1044 1071 1083 1134 et
1093 1059 1121 1133 J
1122 1061 1255 1135 ulianis

154 1182 368 1246 nostrorum
394 1182 607 1269 temporum
633 1194 753 1245 novos
771 1169 1004 1245 Athanasios
1029 1184 1069 1247 et
1092 1173 1256 1249 Basilios
1389 1224 1394 1235 ·

154 1285 345 1385 opposuit,
374 1285 439 1384 qui
472 1309 541 1383 pro
573 1308 682 1359 muro
712 1296 856 1359 essent·
876 1283 1065 1361 Ecclesiae
1098 1312 1188 1382 suae,
1217 1300 1258 1364 et

153 1399 292 1475 avitam
308 1399 424 1475 fidem
447 1409 672 1499 patrumque
696 1397 879 1494 instituta,
889 1399 978 1498 jura
994 1411 1034 1475 et
1055 1401 1257 1502 leges-tue

152 1525 295 1591 rentur.

200 1627 396 1705 Flevimus
431 1627 584 1725 quidem
614 1651 729 1727 super
757 1626 984 1703 contritione
1011 1629 1097 1706 filiae
1130 1632 1257 1730 populi

153 1742 293 1836 nostri,
317 1741 488 1818 flevimus
512 1766 627 1842 super
650 1741 843 1842 dispersos
868 1742 1014 1839 lapides
1038 1746 1260 1840 sanctuarii,
1335 1812 1338 1821 .

154 1859 344 1958 iacrymas
377 1858 542 1934 hrdimus
576 1882 690 1957 super
720 1882 811 1932 oves
845 1857 1059 1957 pastoribus
1089 1862 1258 1938 orbatas:

155 1973 341 2067 dommus,
352 1973 424 2049 sed
440 1985 480 2047 at
497 1972 636 2073 gaudio
653 1972 1039 2072 superabundavimus
1055 1973 1094 2048 in
1110 1975 1259 2051 tribula-

155 2086 258 2163 tione
284 2088 425 2182 nostri,
449 2086 567 2186 gavisi
590 2110 722 2162 sumus
748 2088 797 2162 de
823 2086 966 2162 Christi
995 2090 1257 2167 confessorum

157 2202 446 2302 perseverantii,
471 2202 520 2277 de
547 2213 753 2300 martyrum
778 2203 1003 2298 constantii,
1027 2217 1067 2279 et
1094 2206 1143 2280 de
1170 2205 1259 2281 fidei

157 2316 384 2392 athletamm
413 2315 577 2390 victorii.
630 2315 720 2390 Eia!
755 2316 1022 2413 Confessores,
1053 2318 1284 2419 Martyres,

157 2431 325 2507 Athletae
350 2429 505 2524 Christi,
529 2429 620 2503 Eia!
648 2430 712 2528 qui
737 2454 806 2529 pro
832 2431 950 2525 vobis,
975 2432 1038 2531 qui
1063 2435 1258 2512 vobiscum

158 2545 321 2646 iegitimb
339 2546 508 2639 certavit,
524 2543 606 2644 ipse
623 2569 691 2619 vos
708 2544 915 2619 coronabit

206 2660 269 2736 Ne
287 2659 541 2759 dedignemini
560 2657 817 2733 testimonium
834 2659 986 2753 amoris,
1002 2659 1259 2738 admirationis

159 2787 199 2853 et
210 2774 441 2867 reverentia,
453 2773 557 2870 quod
571 2797 619 2847 ex
632 2774 750 2847 corde
767 2783 944 2872 promunt
957 2775 1120 2849 vestrum
1134 2800 1260 2851 aman·

160 2888 294 2965 tissimi
309 2888 347 2963 in
360 2887 516 2964 Christo
531 2888 666 2964 fratres
684 2886 723 2960 in
740 2886 969 2964 Provinciali
983 2888 1157 2965 Concilio
1171 2915 1262 2965 con·

161 3002 316 3105 aream

195 3180 419 3289 ,sunnon
436 3180 497 3257 uie
513 3184 563 3256 ao
580 3178 675 3256 nan
695 3183 800 3255 1s40.
