2820 5010
151 361 223 433 194
431 383 644 434 concinium
670 382 959 435 aaarruoaanaa

535 786 861 884 IllllllllllUll

150 1044 179 1094 8.
208 1042 536 1095 coneaaaarloms
562 1044 774 1096 dannanus
799 1044 849 1096 Da
875 1044 1126 1096 inornatam
1152 1045 1254 1116 rma,

392 1156 443 1208 DE
463 1158 581 1209 SUPRA
598 1158 821 1209 mamaeam
839 1159 1009 1210 omens.

222 1359 304 1436 UM
317 1361 356 1436 in
370 1360 411 1436 S.
426 1360 733 1461 congregatione
744 1361 924 1437 Generali
937 1363 986 1437 de
999 1363 1255 1463 Propagandi

247 1475 359 1569 Fide,
375 1475 436 1550 die
462 1480 509 1550 16
530 1475 758 1551 Novembris
785 1481 882 1550 1840
905 1477 1041 1571 habita,
1063 1478 1254 1553 referente

151 1588 253 1665 Emo
271 1614 318 1666 ac
342 1589 449 1665 ano
472 1590 521 1665 D.
540 1590 691 1665 Jacoao
714 1590 902 1666 Pmmaao
922 1592 964 1665 S.
983 1590 1035 1665 R.
1054 1591 1102 1666 E.
1122 1593 1254 1668 Cardi

150 1703 225 1778 nali
249 1704 491 1798 Fanneomo,
515 1705 556 1778 S.
577 1704 736 1779 Consilii
760 1704 964 1801 Praefecto,
986 1717 1117 1781 aetum
1141 1706 1254 1783 fuerit

152 1819 200 1893 de
214 1819 394 1917 petitione
405 1818 576 1917 auperids
590 1818 773 1917 expositi,
783 1843 897 1917 quam
910 1844 959 1894 ex
973 1821 1135 1919 Synodo
1147 1846 1254 1920 quar-

150 1934 188 2006 ta
212 1932 439 2008 Provinciali
464 1933 743 2029 Baltimorensi‚
759 1957 891 2007 mense
914 1933 1021 2008 Maio
1042 1938 1140 2009 1840
1157 1935 1254 2010 celo

150 2032 269 2141 brata,
284 2046 377 2121 RR.
400 2047 481 2121 ΡΡ.
503 2046 594 2121 DD.
614 2046 939 2146 Archiepieoopue
964 2048 1253 2125 Baltimorensie

151 2172 190 2236 et
202 2161 491 2235 Foederatarum
505 2161 696 2236 Americae
709 2161 1024 2260 Septentrionalia
1038 2162 1255 2239 Provincia·

151 2299 233 2351 rum
247 2274 431 2374 Episcopi
444 2276 576 2351 SSmo
586 2275 677 2351 Dao
687 2274 847 2371 Nostro,
857 2277 1050 2352 communi
1061 2277 1255 2378 suffragio,

150 2389 364 2465 faciendam
395 2401 626 2484 statuerunt3
661 2390 703 2465 S.
735 2390 994 2491 congregatio
1023 2392 1175 2468 consuit
1205 2416 1253 2469 aa

151 2505 319 2581 decrevit
333 2505 537 2580 Sanctitati
551 2506 642 2581 Suae
653 2505 942 2603 supplicandum
954 2517 1009 2602 ut,
1018 2507 1252 2582 rubricarum

152 2620 371 2719 praescripto
385 2620 583 2718 diligenter
597 2632 762 2714 servato,
775 2620 924 2718 Synodi
939 2634 1160 2696 memoratae
1173 2646 1253 2720 pre·

152 2736 258 2812 cibus
277 2758 443 2809 annuere
462 2734 688 2833 dignaretur.

201 2850 316 2925 Hanc
334 2861 462 2923 autem
481 2849 521 2923 S.
540 2848 857 2949 Congregationis
875 2849 1101 2924 sententiam
1120 2850 1252 2927 Sano

151 2964 240 3039 Dno
262 2963 408 3038 Nostro
430 2963 635 3037 Gaaaomo
661 2963 742 3038 ΡΡ.
760 2963 858 3038 XVI
880 2965 1040 3039 relatam
1063 2965 1110 3038 ab
1135 2963 1189 3061 R⁸
1206 2965 1251 3041 P.

150 3079 199 3154 D.
219 3079 378 3152 Iannmo
398 3079 631 3170 Cnoommo,
648 3077 952 3176 Archiepiecopo
974 3077 1193 3172 Edessam,
1210 3080 1250 3153 S.

151 3192 467 3292 Congregationis
493 3192 726 3285 secretario,
742 3191 781 3266 in
798 3192 986 3267 audientia
1003 3191 1076 3267 diei
1100 3197 1152 3267 22
1176 3194 1253 3268 No-

151 3309 310 3384 vembris
328 3311 436 3402 1840,
450 3307 644 3382 Sanctitas
660 3308 742 3381 Sua
758 3308 918 3407 benigne
936 3307 1119 3407 probavit,
1131 3322 1171 3384 et
1185 3336 1252 3408 pro

150 3424 323 3500 omnibus
341 3422 557 3497 Foederatae
573 3422 763 3498 Amerioae
784 3422 1099 3520 septentrionalia
1117 3425 1253 3500 dioece

152 3540 254 3614 sibus
272 3537 428 3636 petitam
446 3536 616 3635 euperids
634 3537 854 3611 facultatem
871 3537 1060 3634 impertita
1076 3551 1147 3647 est„

200 3655 346 3730 Datum
369 3652 520 3745 Romae,
536 3677 584 3727 ex
601 3652 764 3727 AEdibus
785 3652 917 3728 Saorae
935 3655 1252 3754 Congregationis

152 3772 200 3844 de
218 3767 470 3866 Propagandi
487 3767 597 3860 Fide,
615 3767 675 3840 die
696 3772 742 3841 12
759 3767 986 3843 Decembris
1007 3774 1113 3845 1840.

223 3940 259 4014 J.
279 3939 489 4013 Pmmaans
508 3938 630 4015 Cano.
651 3936 955 4034 FRANSONI,
972 3940 1202 4040 Praefectus.

370 4123 401 4198 Ι.
421 4123 756 4200 Ancmmrscoaus
774 4124 1018 4222 Enmsnnm,
1034 4125 1058 4201 ὰ
1076 4129 1250 4205 Secreto.
