2820 5010
553 397 804 451 raovmcreun
831 400 855 451 r.
1201 381 1250 455 69

201 575 250 652 In
273 575 455 676 vigesimo
479 575 651 651 secundo
678 574 849 651 Decreto
875 575 925 652 de
948 575 1140 653 schedulis
1167 602 1252 676 qua

153 692 290 767 danda
306 704 396 767 sunt
410 691 456 767 iis
473 690 537 789 qui
550 690 856 766 Confirmationis
874 703 1155 767 sacramentum
1173 717 1253 768 sus·

152 807 280 905 cipere
291 807 434 901 volunt,
442 819 498 901 ut,
506 806 640 880 iisdem
652 805 847 903 Episcopo
860 805 1251 900 allatis‚memoratum

153 921 447 997 Sacramentum
460 920 662 1018 accipiant,
672 919 847 994 statuitur
860 943 926 994 aas
940 920 1144 997 schedulas
1158 921 1253 997 vela

151 1034 332 1130 Pastore,
347 1037 408 1112 vel
422 1034 448 1110 ὰ
467 1033 717 1132 Ooasmsario
735 1035 886 1109 dandas
903 1060 995 1109 esse.
1048 1035 1148 1111 cum
1165 1035 1253 1113 verd

151 1149 238 1227 idad
250 1175 319 1226 eas
345 1151 549 1227 schedulas
568 1149 649 1224 dari
669 1149 708 1225 in
730 1149 902 1226 Decreta
925 1150 1188 1248 praescribatur
1205 1177 1254 1228 ae

152 1265 277 1364 aliqui
288 1266 396 1341 haud
405 1264 477 1342 riti
493 1266 673 1366 dispositi
685 1265 885 1358 accedant,
897 1288 974 1338 non
991 1265 1062 1339 erit
1078 1277 1255 1362 opportu-

152 1403 245 1457 num
258 1379 386 1457 dicere
401 1404 467 1455 eas
481 1379 686 1455 schedulas
700 1378 722 1452 ὲ
734 1377 981 1453 confessario
995 1379 1140 1453 dandas
1154 1403 1255 1474 esse,

152 1518 203 1572 ne
215 1493 368 1592 aliquod
386 1494 540 1569 dubium
557 1504 737 1570 nascatur
750 1493 799 1567 de
817 1492 956 1569 secreti
968 1493 1253 1569 sacramentalis

154 1609 369 1702 violatione,
385 1609 418 1682 si
434 1609 495 1685 ille
512 1608 734 1684 schedulam
752 1608 843 1683 dare
860 1607 1102 1682 recusaverit.

202 1722 249 1798 ln
266 1722 447 1822 vigesimo
465 1722 595 1820 quinto
613 1722 798 1815 Decreto‚
813 1720 878 1796 ubi
895 1721 943 1796 de
962 1721 1255 1797 Confessionali-

153 1837 225 1912 hus
251 1838 374 1938 agitur
399 1837 587 1937 erigendis
612 1837 650 1912 in
676 1836 834 1936 publicis
862 1836 1063 1930 Ecclesia,
1085 1849 1194 1936 optat
1211 1837 1253 1912 S.

154 1951 413 2052 congregatio
425 1976 473 2027 ca
483 1954 598 2028 verba
608 1954 655 2027 ab
670 1951 875 2050 Episcopis
887 1950 1068 2046 adhiberi,
1077 1963 1120 2027 ut
1130 1964 1255 2028 osten·

152 2066 266 2142 datur
291 2068 339 2141 ab
364 2066 499 2143 iisdem
524 2066 753 2165 prohibitum
775 2091 853 2142 non
878 2091 965 2141 esse
991 2067 1254 2142 confessiones

154 2180 320 2257 virorum
336 2181 466 2256 audire
484 2192 592 2256 extra
609 2181 909 2258 confessionale.
938 2214 945 2228 ¹
962 2179 1082 2263 Quod
1105 2192 1256 2279 spectat

154 2293 244 2371 verri
259 2296 310 2371 ad
322 2295 589 2372 consessiones
608 2296 818 2391 mulierum,
836 2296 877 2371 S.
894 2295 1151 2395 Congrcgatio
1170 2321 1257 2372 cen-

154 2419 216 2483 set
227 2409 444 2486 addendum
458 2434 545 2483 esse
558 2421 601 2483 ut
617 2409 693 2505 ubi,
706 2435 753 2485 cx
766 2410 923 2509 speciali
937 2409 1128 2486 Ordinarii
1144 2411 1258 2487 licen·

154 2521 217 2616 tit,
229 2535 338 2600 extra
350 2523 642 2599 Confessionale
655 2523 868 2619 audiantur,
879 2550 1080 2623 nonquam
1093 2528 1173 2600 nisi
1182 2551 1258 2626 per

155 2648 285 2712 crates
309 2639 560 2738 interpositae
585 2641 843 2738 excipiantur,
859 2650 897 2714 et
920 2641 965 2713 ire
988 2640 1072 2714 loco
1091 2642 1259 2741 patenti,

156 2749 345 2850 mandam
353 2777 429 2851 per
445 2753 522 2827 ioci
536 2754 731 2828 rationem
747 2754 885 2828 licebit.

205 2865 252 2941 In
280 2865 452 2941 Decreto
483 2867 665 2968 vigesimo
697 2879 847 2961 octavo,
876 2867 1067 2943 statuitur:
1102 2869 1258 2944 Eriterrt

155 2981 383 3057 Sacerdotes
399 2983 529 3057 laeam
545 2984 721 3059 alearum
743 2994 781 3058 et
805 2984 1040 3058 chartamm.
1092 2983 1257 3059 Nimium

155 3095 368 3196 rigorosum
391 3097 511 3173 visum
533 3110 593 3174 est
618 3098 661 3172 S.
681 3097 979 3198 congregationi
1004 3099 1129 3173 lusum
1152 3101 1259 3176 char·

156 3225 282 3289 tarum
316 3213 523 3313 generatim
561 3214 771 3312 prohibere.
836 3214 1050 3289 Concilium
1085 3214 1256 3291 Trident

157 3327 282 3424 (Sese.
299 3331 364 3422 24,
380 3328 476 3426 Cap.
499 3332 557 3421 12,
574 3330 622 3404 de
648 3329 754 3426 Res.)
781 3329 897 3404 voluit
915 3328 1087 3405 Clericus
1114 3332 1162 3405 ab
1187 3333 1259 3407 ilii·

156 3443 246 3516 citis
262 3443 412 3517 metas
429 3443 644 3531 abstinere‚·
668 3455 851 3542 praeterea
872 3443 915 3517 S.
934 3444 1097 3520 Carolus
1121 3445 1260 3520 Borro·
1316 3516 1322 3525 s

156 3580 288 3650 maeus,
313 3556 351 3631 in
376 3557 444 3631 sud
469 3555 588 3654 primi
616 3557 842 3633 Provinciali
870 3558 1043 3656 synodo,
1067 3559 1165 3634 inter
1189 3584 1258 3635 eos

157 3671 268 3747 ludos
282 3671 346 3769 qui
363 3671 523 3747 Clericis
536 3685 721 3766 vetantur,
732 3674 948 3749 chartarum
962 3675 1092 3749 ludum
1105 3699 1181 3749 non
1194 3700 1260 3750 nu·

156 3797 294 3861 marat:
318 3810 435 3883 quare
452 3785 599 3860 videtur
616 3810 750 3861 vocem
773 3787 875 3862 illam
896 3789 1122 3864 chartarum
1139 3790 1260 3864 omitti

157 3926 285 4000 posse,
296 3913 335 3977 et
351 3901 475 4001 potiris
490 3902 649 3977 Clericis
664 3904 713 3976 ob
728 3902 860 3978 oculos
877 3904 968 4002 poni
987 3905 1139 3999 debere,
1147 3932 1260 4007 pror-

158 4015 224 4092 aiie
241 4028 417 4117 oportere
434 4042 500 4091 eos
517 4018 565 4091 ab
582 4018 730 4092 illicitis
747 4019 851 4092 iadis
867 4019 1069 4094 abstinere.

207 4130 254 4205 In
278 4131 451 4207 Decreta
468 4131 661 4230 trigesimo
687 4131 821 4228 primo,
838 4132 901 4206 uhi
927 4134 1102 4209 statuitur
1127 4135 1261 4210 librum

162 4245 482 4322 (laeremoniarum
503 4271 551 4321 ex
575 4246 741 4346 probatis
760 4246 935 4344 operibus
954 4252 1260 4348 componendum
