2820 5010
579 380 810 433 rnrrmruun.
1197 359 1247 432 47

148 552 241 651 ipsis
267 553 384 629 licere
401 580 486 654 quae
502 555 561 630 sui
586 557 751 631 muneris
769 568 857 631 sunt
880 557 1085 656 negligere,
1100 555 1244 653 rejecto

149 667 303 742 omnino
328 668 366 742 in
384 670 478 744 alios
496 694 611 744 onere
631 671 804 768 juvenes,
821 671 990 768 aliosque
1015 670 1143 764 rudes,
1158 668 1246 744 fidei

148 804 373 880 morumque
389 783 571 882 principia
588 784 786 859 edocendi.
843 882 853 895 .

199 1010 311 1086 XIII.
347 1013 557 1089 Hortamur
570 1014 785 1112 episcopos,
797 1026 836 1088 et
852 1013 1004 1088 attentis
1019 1012 1245 1112 gravissimis

150 1127 260 1201 malis
294 1152 378 1225 quae
408 1155 455 1204 ex
482 1131 681 1229 juventute
710 1130 812 1204 haud
845 1131 915 1203 rite
941 1128 1111 1203 instituta
1139 1128 1248 1226 sequi

150 1241 287 1336 solent,
303 1268 371 1341 per
387 1243 534 1347 viscera
550 1243 816 1318 misericordiae
840 1243 915 1317 Dei
932 1243 1189 1335 obsecramus,
1205 1252 1248 1316 ut

151 1355 304 1430 scholas
338 1357 539 1455 unicuique
574 1358 748 1433 ecclesiae
781 1358 820 1430 in
854 1382 984 1432 corum
1019 1355 1246 1430 dioecesibus

151 1493 332 1563 annexas,
357 1472 605 1547 instituendas
632 1484 787 1564 curent,
814 1483 853 1546 et
878 1472 911 1546 si
936 1496 1032 1569 opus
1058 1470 1183 1564 suerit,
1208 1481 1248 1544 et

151 1608 275 1657 rerum
300 1586 480 1684 adjuncta
504 1586 641 1678 sinant,
657 1586 878 1684 provideant
903 1596 944 1659 ut
970 1609 1017 1658 ex
1042 1584 1247 1659 redditibus

152 1695 326 1771 ecclesiae
343 1698 405 1772 cui
422 1698 555 1773 schola
571 1722 720 1772 annexa
735 1698 796 1793 sit,
811 1698 938 1773 idonei
955 1697 1122 1797 magistri
1144 1696 1183 1771 in
1201 1721 1248 1771 ea

153 1809 371 1885 habeantur.

202 2040 309 2115 XIV.
346 2042 633 2116 consulendum
659 2041 847 2141 episcopis
874 2042 937 2139 qui
966 2042 1117 2142 propria
1141 2045 1250 2119 semi·

154 2155 259 2228 naria
276 2181 351 2229 non
369 2155 522 2249 habent,
538 2168 580 2229 ut
605 2156 750 2230 collatis
769 2157 934 2230 consiliis
952 2182 1039 2231 cum
1057 2158 1140 2231 aliis
1156 2159 1250 2258 cpis-

154 2270 259 2368 copis
278 2270 448 2369 eJ'usdem
473 2270 695 2363 Provinciae,
712 2296 827 2344 unum
853 2272 988 2345 saltem
1009 2271 1247 2347 seminarium

154 2382 191 2458 in
209 2408 434 2482 unaquaque
451 2383 653 2458 Provincia
670 2385 911 2460 constituant.

203 2613 290 2688 XV.
325 2613 461 2687 Patres
474 2623 704 2689 censuerunt
720 2613 873 2688 omnino
888 2614 1077 2713 expedire,
1087 2626 1129 2689 ut
1139 2615 1249 2714 juxta

152 2739 317 2801 mentem
336 2726 496 2801 Concilii
521 2724 733 2800 Tridentini
751 2727 866 2823 (Saso.
884 2726 1018 2821 XXII,
1039 2729 1130 2827 Cap.
1150 2732 1186 2822 9,
1203 2730 1249 2803 dc

154 2841 257 2938 Res.)
275 2840 497 2932 ordinarius,
509 2852 574 2914 aut
591 2864 658 2938 per
675 2865 731 2934 se,
747 2852 812 2914 aut
837 2865 904 2938 per
921 2842 1172 2935 sacerdotem,
1189 2842 1263 2916 cui¹

155 2956 228 3031 hac
254 2956 291 3030 in
317 2967 424 3054 parte
442 2955 544 3030 vices
563 2979 651 3029 suas
669 2956 893 3050 committat,
909 2957 957 3030 ab
979 2957 1251 3032 administrato-

154 3070 256 3144 ribus
282 3093 407 3143 rerum
432 3069 607 3143 ecclesiae
630 3070 904 3168 temporalium,
927 3071 1005 3144 sive
1030 3071 1149 3165 laicis,
1173 3071 1251 3145 sive

155 3186 317 3280 clericis,
349 3186 533 3260 rationem
568 3209 698 3259 eorum
733 3185 1063 3260 administrationis
1097 3187 1251 3287 singulis

155 3300 263 3373 annis
281 3298 417 3399 exigat.

204 3527 311 3601 XVI.
348 3527 542 3609 Quoniam
568 3550 653 3624 quae
677 3526 765 3600 Deo
784 3539 871 3602 sunt
897 3527 1038 3601 donata
1054 3527 1092 3602 in
1110 3530 1252 3604 cultum

157 3641 319 3715 divinum
338 3652 377 3715 et
399 3665 517 3739 opera
544 3640 751 3733 charitatis,
774 3640 812 3713 in
839 3640 1028 3714 Ecclesiae
1057 3653 1254 3717 transeunt

145 3760 398 3854 potestatem,
423 3757 531 3854 cujus
560 3767 619 3829 est
648 3754 838 3853 invigilare
866 3765 908 3828 ut
939 3756 1163 3829 donatorum
1191 3756 1254 3855 pia

155 3872 329 3944 voluntas
363 3869 524 3944 fideliter
556 3869 767 3967 impleatur,
793 3868 955 3967 ideoque
989 3869 1108 3943 sacris
1142 3894 1255 3944 cano-

155 3983 265 4057 nibus
283 4007 307 4057 a
323 3982 506 4057 laicorum
523 3982 767 4079 usurpatione
785 3981 921 4079 saepius
940 3982 1128 4057 vindicata
1148 3997 1254 4077 sunt,

157 4097 326 4172 districte
345 4109 514 4171 vetamus
532 4121 581 4171 ne
606 4096 692 4170 laici
718 4119 805 4169 sese
830 4096 1002 4195 ingerant
1019 4096 1064 4170 iis
1082 4098 1256 4173 adminis-

156 4212 313 4305 trandis,
323 4213 466 4309 absque
481 4210 744 4309 episcoporum
760 4209 876 4283 libero
890 4235 1091 4286 consensu.
1136 4212 1254 4294 Quod

157 4326 190 4401 si
215 4351 348 4402 eorum
371 4326 516 4424 injussu
543 4350 608 4400 eos
634 4335 830 4421 usurpent,
846 4336 886 4398 et
902 4326 951 4399 ad
977 4350 1068 4401 suos
1094 4353 1186 4402 usus
1204 4329 1255 4403 di-
