2820 5010
524 117 775 170 rnovrncmns
803 114 835 168 v.
1177 101 1251 172 ⁶225

157 301 230 366 tam
241 291 485 377 vehementer
495 317 565 368 cor
575 305 745 369 nostrum
759 294 797 368 in
809 294 990 389 Domino,
1000 299 1087 372 clun
1100 320 1148 372 ex
1161 295 1252 395 ipsis

156 404 288 482 restris
300 406 432 482 litteris
443 406 796 483 noverimusinistis
807 408 1026 485 vastissimis
1036 410 1252 509 regionibus

155 530 290 597 rostras
314 546 416 597 curae
439 545 486 598 ac
514 522 598 597 zelo
623 521 865 617 concreditis,
890 523 1011 598 divina
1035 524 1251 622 adspirante

153 635 283 734 gratia,
295 636 479 737 evangelii
494 636 619 713 lucem
635 636 746 737 longe
763 637 914 735 lateque
931 637 969 712 in
986 638 1067 713 dies
1085 638 1254 733 diffundi,

153 748 381 825 catholicam
392 750 610 850 religionem
621 751 806 850 protendi,
816 751 975 849 populos
985 752 1127 827 Christi
1138 753 1251 829 fidem

153 862 344 961 amplecti,
355 864 557 940 Silvestres
571 889 722 963 quoque
735 864 906 939 homines
921 877 960 939 et
971 864 1010 939 N
1011 865 1112 965 igros
1126 866 1163 941 in
1177 868 1252 965 pla-

154 975 212 1076 gis
228 977 372 1054 Africus
389 978 686 1055 occidentalibus
704 978 964 1079 evangelizari,
980 1002 1092 1054 sacra
1111 982 1253 1079 templa

154 1089 191 1166 iu
215 1090 294 1167 Dei
318 1092 501 1168 honorem
526 1093 660 1187 extrui,
681 1091 763 1191 pias
787 1092 1040 1168 institutiones
1063 1119 1253 1190 crescere,

155 1207 377 1282 sacerdotes
394 1208 537 1308 augeri,
547 1206 848 1285 ecclesiasticam
866 1206 1101 1306 disciplinam
1115 1209 1254 1310 vigere,

154 1343 201 1396 ac
226 1320 382 1397 Fideles
407 1322 569 1421 pastoris
593 1323 651 1398 sui
672 1322 756 1399 voci
780 1321 910 1398 faciles
934 1346 1045 1397 aures
1071 1326 1252 1421 praebere,

154 1434 311 1534 ejusque
328 1437 471 1511 monita
487 1437 718 1536 perficienda
729 1461 873 1512 curare.
924 1436 1072 1534 Itaque,
1088 1437 1252 1512 Venera-

154 1548 248 1625 biles
261 1549 431 1646 Fratres,
445 1552 534 1627 dum
546 1551 729 1627 maximas
746 1551 834 1625 Deo
851 1550 967 1625 totius
981 1546 1251 1626 consolationis

154 1662 295 1762 gratias
312 1663 472 1764 agimus,
487 1666 550 1764 qui
567 1690 680 1765 super
696 1665 789 1740 istas
808 1677 940 1765 gentes
958 1665 1252 1741 misericordiam

152 1803 262 1854 suam
287 1779 479 1856 effimdere
503 1781 689 1881 dignatur,
705 1780 810 1857 vobis
834 1805 984 1878 quoque
1008 1780 1252 1857 vehementer

152 1894 397 1995 gratulamur,
413 1895 477 1993 qui
501 1895 681 1995 pastorali
706 1895 789 1970 zelo
812 1893 969 1990 incensi,
990 1894 1102 1969 nullis
1127 1920 1252 1994 nequa

152 2007 269 2103 curis,
284 2033 408 2107 neque
425 2009 628 2104 laboribus,
639 2033 763 2107 neque
781 2008 960 2101 consiliis,
975 2008 1080 2083 vobis
1098 2034 1253 2107 parcen-

153 2121 244 2197 dum
268 2146 355 2196 esse
378 2123 623 2223 cognoscitis,
639 2135 681 2197 ut
704 2124 752 2198 de
777 2122 975 2197 Catholici
998 2122 1186 2218 Ecclesia,
1204 2125 1251 2198 de
1292 2114 1294 2119 ⁴

153 2234 228 2312 hac
246 2236 469 2335 Apostolich
486 2237 604 2332 Sede,
616 2249 731 2334 atque
749 2236 957 2311 animarum
975 2235 1095 2310 salute
1113 2237 1252 2335 optime

152 2349 290 2426 mereri
306 2351 475 2450 possitis:
492 2364 606 2450 atque
619 2352 756 2427 ineam
774 2350 943 2449 profectd
957 2376 1065 2448 spem
1078 2351 1254 2451 erigimur
1366 2378 1369 2383 <

152 2463 235 2540 lore
249 2475 302 2560 ut,
312 2466 400 2541 Deo
414 2491 564 2565 semper
574 2465 789 2560 auxiliante,
800 2464 1002 2541 catholica
1013 2465 1143 2564 religio
1156 2465 1194 2540 in
1207 2465 1253 2540 is·

151 2577 200 2653 tis
214 2578 430 2679 regionibus
443 2579 643 2655 altissimas
661 2579 699 2654 in
714 2579 794 2654 dies
808 2591 897 2680 agat
913 2579 1075 2673 radices,
1085 2604 1131 2656 ao
1150 2604 1253 2677 pros-

153 2691 498 2791 pertransiremus
523 2695 659 2795 vigeat,
681 2693 828 2788 floreat,
850 2705 889 2767 et
913 2692 1101 2767 Fidelium
1126 2718 1253 2772 nume·

151 2830 217 2881 rus
242 2805 297 2880 ita
312 2820 507 2908 augeatur,
523 2818 565 2882 ut
581 2832 713 2882 omnes
736 2831 908 2905 supemae
926 2805 1089 2881 veritatis
1112 2807 1251 2887 lumine

153 2917 338 3015 illustrati,
354 2932 469 3018 atque
486 2920 638 2996 enutriti
655 2920 776 2994 verbis
793 2919 895 3013 fidei,
910 2918 1089 2994 incedant
1112 2944 1180 3017 per
1197 2945 1253 2994 se·

154 3034 265 3110 mitas
278 3035 447 3131 Domini,
458 3049 572 3135 atque
585 3037 778 3112 ambulent
791 3035 828 3111 in
843 3034 997 3111 Christo
1010 3034 1117 3110 Jesu.
1168 3035 1252 3111 Nos

154 3148 307 3246 quidem
324 3175 401 3225 non
415 3175 611 3227 cessamus
629 3150 668 3225 in
681 3149 853 3226 omnibus
867 3149 1097 3225 orationibus
1114 3150 1253 3224 nostris

154 3263 429 3340 Fratemitates
440 3278 598 3359 vestras,
608 3276 648 3340 et
660 3264 884 3340 commissos
896 3263 1001 3339 vobis
1015 3287 1150 3364 greges
1164 3264 1252 3338 Deo
1365 3337 1369 3343 .

154 3376 343 3454 humiliter
355 3379 635 3473 commendare,
647 3378 736 3453 nihil
753 3379 966 3454 dubitantes
980 3378 1069 3476 quin
1082 3403 1150 3452 vos
1164 3404 1254 3477 quo-

155 3516 228 3591 que
239 3492 321 3569 sine
331 3492 607 3569 intermissione
618 3493 740 3592 ipsum
751 3492 1033 3568 miserationum
1046 3492 1253 3569 Dominum

153 3631 264 3683 orare
292 3619 407 3706 atque
434 3609 637 3684 obsecrare
665 3607 797 3702 velitis,
821 3618 864 3683 ut
889 3607 1142 3682 infirmitatem
1169 3634 1255 3685 nos·

155 3724 492 3823 tram,asperrimis
507 3724 613 3800 hisce
626 3723 870 3823 temporibus,
882 3723 1048 3799 omnium
1061 3723 1255 3801 Ecclesia·

154 3861 237 3912 rum
247 3837 497 3915 sollicitudine
510 3839 743 3914 laborantem
755 3837 906 3935 adjuvet
917 3849 1031 3934 atque
1043 3839 1254 3930 confirmet,

154 3964 340 4050 actusque
357 3965 509 4028 nostros
523 3953 572 4028 ad
590 3953 772 4051 majorem
785 3950 843 4026 sui
860 3951 1019 4027 nominis
1034 3953 1203 4050 gloriam,
1216 3967 1255 4027 et

154 4066 270 4143 totius
285 4066 463 4142 catholici
477 4066 577 4142 orbis
591 4066 787 4143 utilitatem
802 4065 945 4166 dirigat.
996 4064 1152 4141 Interim
1167 4067 1253 4142 verb

303 4185 353 4255 29
