2820 5010
544 411 795 462 rnovmcrnua
822 412 855 461 v,
1173 390 1245 461 221

157 582 372 684 dogmatum
406 588 646 685 splendorem
680 586 919 686 recipiamus,
947 611 1034 662 cum
1068 588 1249 685 approba-

155 696 253 774 tione
280 711 320 776 et
344 701 631 776 confirmatione
658 703 911 794 decretorum,
935 726 1019 798 quae
1049 703 1250 776 statuenda

153 835 354 889 censemus
368 839 437 914 pro
454 815 705 914 prosperitate
719 827 759 889 et
775 839 871 914 pace
890 814 1151 890 Ecclesiamm
1165 841 1249 889 nos·

154 936 309 1023 uamm,
334 928 368 1004 si
394 954 443 1005 ea
469 955 553 1027 quae
579 929 601 1003 ir
629 929 738 1005 nobis
766 929 921 1004 condita
947 941 1046 1024 sunt,
1072 955 1249 1028 supremo

154 1039 391 1139 Apostolicoe
408 1043 522 1119 Sedis
533 1043 692 1143 judicio,
705 1042 767 1118 cui
784 1055 823 1116 et
839 1042 1092 1141 nosmetipsos
1106 1056 1145 1118 et
1161 1057 1250 1119 acta

152 1166 283 1230 nostra
294 1158 561 1252 submittimus,
573 1157 780 1233 sancienda
792 1156 997 1230 videantur.
1049 1157 1113 1231 Ad
1131 1158 1249 1254 pedes

154 1268 395 1346 Sanctissimi
417 1272 543 1347 Patris
566 1271 685 1348 nostri
707 1271 915 1366 Gnaeonu,
934 1270 1092 1346 feliciter
1112 1283 1151 1345 et
1174 1272 1250 1371 glo·

153 1381 249 1460 riost
280 1386 486 1485 regnantis,
512 1385 709 1485 provoluti,
736 1396 864 1484 gratos
894 1395 933 1459 et
955 1385 1148 1484 jucundos
1176 1385 1251 1459 ani-

153 1522 301 1576 morum
325 1513 542 1577 nostrorum
567 1525 701 1577 sensus
728 1499 1007 1575 cohibere'non
1037 1525 1251 1599 possumus,

153 1611 324 1688 ridentes
341 1614 441 1712 qudd
459 1618 529 1692 sub
546 1615 778 1691 Pontificatu
796 1615 877 1713 ejus
899 1614 1044 1714 longiis
1066 1615 1250 1712 latiusque

153 1725 190 1801 in
208 1726 291 1802 dies
305 1727 559 1804 dillirndantur
576 1728 798 1828 Evangelici
815 1728 961 1803 luminis
978 1728 1084 1823 radii,
1097 1741 1136 1803 et
1153 1728 1252 1803 Civi-

152 1850 211 1915 tas
235 1842 484 1918 sacerdotalis
506 1855 546 1917 et
569 1842 674 1942 regia
697 1842 876 1941 pacificas
895 1842 1036 1917 Christi
1059 1843 1252 1942 Redemp

152 1956 244 2030 toris
268 1955 459 2052 victorias,
484 1968 524 2033 et
553 1983 655 2050 suas,
681 1957 819 2055 ubique
848 1968 1032 2032 terrarum
1059 1958 1248 2032 extendat.

154 2069 331 2145 Gloriosa
356 2071 508 2168 quidem
536 2071 644 2146 nobis
671 2071 886 2146 dictasunt
912 2072 960 2145 de
986 2071 1251 2148 certaminibus

152 2210 229 2260 non
261 2185 343 2260 sine
373 2187 569 2286 sanguine,
596 2187 658 2283 qui
688 2211 820 2261 semen
847 2186 1146 2262 Christianorum
1174 2188 1252 2283 liat,

152 2299 379 2375 athletarum
397 2312 542 2376 sanctae
558 2299 769 2398 Religionis
786 2310 926 2374 nostrae
942 2299 1176 2395 invictorum,
1189 2302 1252 2398 qui

152 2413 189 2488 in
207 2413 327 2512 plagis
346 2414 447 2489 orbis
464 2426 648 2488 terrarum
666 2414 935 2508 Orientalibus,
945 2415 1027 2513 jam
1044 2416 1065 2489 ὲ
1085 2416 1251 2514 plurimis
1287 2417 1289 2421 ’

152 2528 314 2622 saeculis,
323 2527 397 2603 imd
407 2529 455 2602 ab
468 2528 631 2627 ipsomet
643 2539 828 2626 raparatae
840 2529 971 2603 salutis
984 2540 1124 2604 nostrae
1136 2529 1252 2625 initio,

152 2642 294 2717 umbrae
306 2641 438 2717 mortis
452 2642 599 2742 caligne
613 2641 818 2740 coopertis,
830 2643 1089 2740 evangelizant
1105 2667 1253 2741 pacem,

153 2757 414 2857 evangelizant
424 2757 535 2831 bona.
588 2756 754 2830 Advenit
767 2768 915 2854 tempus
930 2757 1176 2855 acceptabile,
1188 2760 1251 2832 ad-

153 2883 337 2946 venerunt
354 2871 435 2945 dies
450 2871 591 2945 salutis.
645 2872 709 2945 Ad
726 2871 840 2944 altam
858 2871 964 2945 Petri
980 2896 1111 2970 rupem
1125 2872 1252 2946 consu-

155 2985 273 3084 giunt,
289 2997 331 3060 ut
354 2987 401 3059 ab
425 2986 691 3060 inundantibus
715 2986 948 3080 idololatrian,
964 2988 1252 3085 superstitionis

154 3098 353 3193 haeresum,
379 3099 626 3197 vitiorumque
655 3100 831 3175 fluctibus
861 3112 952 3175 tutae
980 3101 1073 3175 liant
1105 3112 1249 3200 gentes.

154 3214 219 3288 nd
237 3213 380 3289 Christi
397 3214 532 3289 summi
549 3214 757 3288 animarum
774 3226 988 3289 nostrarum
1005 3215 1176 3289 Pastoris
1190 3216 1252 3290 Vi-

154 3327 297 3402 carium
310 3328 470 3402 tendunt
483 3352 616 3402 manus
629 3327 802 3422 Asiatici,
812 3329 971 3403 tendunt
982 3339 1020 3401 et
1030 3328 1252 3427 AEthiopes3

154 3452 289 3538 petunt
301 3466 451 3539 panem,
461 3442 659 3538 exquirunt
672 3443 806 3516 lucem.
857 3441 1010 3516 Nomen
1019 3442 1251 3540 Jnsu,dquo

154 3580 231 3631 non
254 3568 315 3631 est
337 3557 437 3631 aliud
460 3582 600 3632 nomen
617 3558 747 3632 datum
770 3556 982 3632 hominibus
1006 3557 1044 3631 in
1065 3582 1140 3655 quo
1159 3559 1251 3633 salvi

154 3669 301 3763 fierent,
323 3671 563 3765 confitentur,
586 3671 724 3745 almum
750 3683 1070 3771 recognoscentes
1094 3697 1252 3769 sequen·

154 3796 289 3881 tesque
314 3785 529 3880 Pastorem,
545 3785 608 3861 cui
633 3785 703 3860 soli
728 3785 749 3858 a
773 3785 939 3860 Domino
965 3787 1169 3862 commissa
1192 3800 1252 3863 est

154 3922 248 3975 cura
259 3899 472 3974 universum
490 3925 643 3999 gregem
662 3901 757 3999 ejus,
768 3923 889 3997 agnos
907 3900 1053 3976 scilicet
1069 3903 1251 4001 pascendi

154 4026 194 4088 et
211 4037 312 4088 oves.
366 4014 411 4087 In
434 4013 589 4112 Europd
606 4013 705 4107 vero,
721 4024 763 4087 ut
779 4012 829 4086 ad
852 4036 963 4087 aures
984 4028 1134 4090 nostras
1151 4018 1253 4092 sama

152 4152 267 4202 verax
281 4127 426 4221 detulit,
439 4128 744 4225 praevaricatores
758 4138 993 4201 revertuntur
1005 4129 1055 4203 ad
1068 4154 1153 4222 cor3
1171 4156 1252 4224 seu,

152 4253 196 4316 ut
212 4242 332 4340 magis
357 4242 482 4340 placet
500 4242 640 4336 dicere,
655 4243 704 4316 ad
729 4242 882 4316 domum
903 4266 1010 4316 suam
1029 4243 1252 4339 jucundam,

152 4358 254 4433 unde
272 4356 403 4456 spiritu
421 4357 557 4431 erroris
575 4356 757 4436 innumeri
777 4355 926 4433 seducti
949 4366 988 4431 et
1004 4356 1154 4432 alienati
1174 4359 1250 4434 lue·
