2820 5010
201 394 247 463 18
496 412 668 463 arnonus
694 411 993 463 snarruoaeusrs

199 597 338 663 “trum.
391 586 604 681 Postremd,
620 587 808 660 neminem
826 611 940 684 posse
958 610 1044 659 csse
1059 585 1214 678 salvum,
1224 587 1295 658 nisi

200 705 363 778 “credat
381 703 418 775 in
434 701 461 773 J
463 726 570 775 esum
585 702 791 793 Christum,
804 713 842 774 et
860 702 1045 799 poenitens
1064 702 1112 775 de
1126 701 1295 797 peccatis

200 824 223 865 “-
231 817 457 909 commissis,
468 829 706 890 sacramenta
717 817 833 914 ipsius
846 816 1044 912 suscipiat3
1061 815 1295 912 baptismatis

201 933 397 1028 “quidem,
414 931 446 1004 si
471 930 629 1004 infidelis
648 942 720 1023 cst,
737 929 987 1004 confessionis
1013 942 1152 1023 autem,
1162 922 1202 1002 ¹si
1222 928 1298 1025 lap·

199 1052 223 1092 ‘⁶
231 1072 296 1119 sus
314 1059 401 1144 post
417 1046 664 1142 baptismum,
690 1068 736 1118 ac
751 1045 913 1141 denique
927 1054 1069 1117 statuat
1086 1068 1133 1117 ea
1146 1067 1296 1117 servare

201 1166 317 1257 “quae
334 1160 441 1233 Deus
461 1170 500 1233 et
525 1158 706 1232 Ecclesia
731 1169 865 1232 sancta
890 1158 1122 1255 praecipiunt,
1138 1182 1297 1253 quorum

201 1280 381 1349 “summa
397 1286 468 1366 cst,
485 1286 526 1347 ut
543 1273 669 1346 Deum
689 1273 817 1371 diligat
838 1273 1106 1371 superomnia,
1124 1284 1162 1345 et
1178 1272 1298 1369 proxi·

204 1394 338 1463 “mum
364 1389 463 1461 sicut
488 1385 691 1484 seipsum.'’
921 1397 927 1410 '

255 1506 310 1575 16.
342 1501 508 1576 Omnem
538 1501 743 1574 adhibeant
772 1500 1060 1575 sollicitudinem
1090 1500 1298 1574 animarum

203 1615 399 1709 Pastores,
416 1640 464 1688 ne
483 1615 673 1689 Catholici
693 1615 821 1689 ineant
838 1615 1075 1688 matrimonia
1092 1639 1180 1689 cum
1197 1614 1299 1687 hete-

202 1729 373 1806 rodoxis:
399 1729 468 1803 scd
486 1729 664 1824 quoniam
681 1742 834 1827 propter
851 1730 1070 1804 continuum
1087 1730 1184 1802 inter
1200 1753 1243 1801 se
1260 1729 1299 1802 in

204 1844 307 1919 omni
324 1843 409 1917 vitoe
430 1843 547 1917 civilis
572 1844 717 1917 ratione
744 1844 1025 1937 commercium,
1043 1844 1122 1917 fieri
1139 1867 1215 1917 non
1237 1867 1300 1939 po

204 1969 280 2032 test
296 1969 338 2032 ut
355 1956 570 2055 hujusmodi
589 1958 826 2031 matrimonia
843 1957 1042 2054 aliquandi>
1060 1982 1136 2031 non
1153 1970 1300 2031 contra·

205 2069 353 2164 huntur,
370 2070 554 2169 praecipud
573 2071 611 2144 in
629 2071 699 2144 illis
717 2072 826 2165 locis,
838 2073 876 2145 in
893 2073 1026 2168 quibus
1045 2072 1157 2169 pauci
1173 2072 1300 2145 admo—

204 2183 293 2261 dhm
320 2185 510 2260 Catholici
535 2184 722 2277 habitant,
748 2187 885 2260 auditis
911 2212 1025 2283 super
1050 2187 1123 2259 hac
1141 2210 1181 2258 re
1200 2185 1300 2259 Con-

204 2299 361 2374 fratrum
386 2312 600 2374 nostrorum
625 2301 663 2373 in
689 2301 761 2374 hac
785 2302 944 2398 Synodo
963 2301 1201 2398 proesentium
1219 2324 1301 2373 sen·

206 2414 346 2506 tentiis,
378 2413 528 2512 regulas
563 2427 766 2510 sequentes
808 2416 1058 2508 condidimuS,
1092 2412 1300 2488 secundbm

205 2552 301 2626 quas
319 2528 422 2602 circa
439 2527 620 2625 praedicta
636 2529 874 2603 matrimonia
899 2530 1106 2626 procedere
1124 2539 1301 2626 poterunt

208 2640 441 2716 Sacerdotes
460 2641 593 2737 quibus
619 2641 657 2714 in
683 2642 755 2716 hac
780 2641 951 2716 Dioecesi
977 2667 1069 2716 cura
1094 2643 1301 2716 animarum

205 2755 459 2830 committitur.
528 2760 558 2828 l.
595 2755 750 2829 Partem
787 2756 1026 2830 Catholicam
1060 2757 1220 2855 graviter
1253 2780 1301 2830 ac

206 2869 303 2944 scrib
333 2882 511 2944 moneant
541 2871 589 2944 de
618 2871 831 2968 ingentibus
861 2870 1110 2945 incommodis
1140 2895 1225 2967 quae
1254 2896 1302 2944 ex

206 2983 392 3082 ejusmodi
417 2984 555 3081 nuptiis
577 3008 653 3057 non
671 2984 755 3059 rard
780 2985 1014 3083 proveniunt,
1031 2985 1301 3081 hortenturque

205 3110 247 3172 ut
281 3099 506 3173 Christianae
538 3098 764 3173 fortitudinis
795 3124 982 3173 memores
1014 3122 1084 3172 sua
1113 3099 1303 3172 desideria

205 3224 397 3311 superent,
426 3237 473 3287 ac
504 3212 525 3286 a
558 3214 771 3310 periculoso
805 3214 1043 3288 matrimonio
1077 3214 1300 3287 abstineant.

205 3329 240 3400 2.
269 3327 314 3401 Si
331 3327 489 3401 viderint
512 3326 695 3402 Pastores
713 3353 783 3403 sua
799 3329 942 3402 monita
959 3329 1008 3402 ad
1025 3329 1302 3402 matrimonium

151 3466 156 3477 ·
205 3440 485 3538 impediendum
511 3464 587 3513 non
613 3442 819 3538 profutura,
841 3443 1037 3541 diligenter
1061 3443 1303 3516 considerent

207 3579 255 3629 an
273 3555 372 3629 absit
393 3555 586 3651 probabile
602 3557 810 3653 periculum
829 3556 1077 3654 perversionis
1096 3557 1212 3653 partis
1231 3558 1303 3630 Ca-

207 3668 371 3762 t-holicae,
387 3693 480 3743 casu
502 3693 577 3764 quo
599 3669 648 3742 ad
674 3671 952 3746 matrimonium
978 3671 1215 3768 procedatur.
1268 3673 1301 3743 3.

207 3782 402 3880 Inquirant
432 3783 545 3856 etiam
576 3806 624 3857 an
655 3807 741 3880 pars
772 3786 986 3859 acatholica
1015 3785 1229 3860 consentiat
1255 3810 1302 3859 ac

207 3908 341 3996 parata
357 3897 405 3970 sit
423 3921 552 3970 coram
571 3897 658 3970 Deo
677 3911 716 3972 et
733 3900 892 3973 testibus
919 3901 1150 3997 promittere,
1167 3925 1209 3972 se
1226 3899 1304 3973 nul-

207 4009 354 4086 latends
382 4010 580 4085 obstaculo
609 4011 689 4085 fore
717 4012 915 4109 quominhs
947 4015 1072 4111 proles
1103 4015 1225 4087 omnis
1256 4039 1304 4086 cx

207 4126 446 4200 matrimonio
464 4127 624 4200 oriunda
641 4127 678 4201 in
696 4128 782 4201 verb
799 4127 1002 4225 Religione
1021 4128 1214 4200 educetur.
1267 4131 1302 4200 4.

208 4241 462 4315 Considerent
479 4239 632 4315 ulteribs
651 4240 834 4314 Pastores
849 4243 938 4339 quid
957 4240 1182 4338 probabiliiis
1197 4266 1305 4315 even-

209 4367 332 4429 turum
350 4355 411 4449 sit,
424 4354 455 4429 si
473 4355 543 4452 ipsi
561 4356 807 4432 ministerium
822 4382 931 4432 suum
949 4355 1186 4431 matrimonio
1205 4357 1305 4433 exhi·
