2820 5010
149 358 226 430 218
436 377 647 427 concursu
674 348 963 429 esurruoaansb

203 551 312 628 v111.
339 552 475 628 Patres
489 551 654 627 unanimi
667 576 761 627 voce
776 553 982 650 probarunt
998 551 1151 628 Rituale
1164 549 1222 624 llo
1287 564 1289 577 ²

153 693 307 745 manum
332 669 474 744 editum
493 668 725 743 auctoritate
752 667 1012 744 Conciliorum
1038 664 1225 744 Promea·

153 786 243 860 lium
255 784 412 859 secundi
425 799 464 858 et
475 784 609 881 quarti,
618 795 776 858 curante
790 783 988 882 Episcopo
1000 784 1042 858 S.
1055 778 1229 871 Ludovid,

153 900 223 974 sed
238 898 489 997 permiserunt
501 910 543 972 ut
557 897 758 995 Appendix
771 897 880 971 fieret
893 897 1065 995 amplior,
1078 894 1230 995 precibu

154 1012 378 1112 quibusdam
400 1013 600 1087 vernacula
621 1010 747 1109 lingua
768 1010 938 1105 redditis,
955 1010 1104 1110 judicio
1121 1005 1233 1085 Archi

154 1127 336 1227 episcopi,
366 1141 477 1225 prout
510 1127 547 1200 in
583 1125 756 1200 Concilio
787 1136 921 1222 quarto
956 1125 1154 1200 decretum
1179 1118 1234 1196 est

154 1241 336 1317 Districtd
353 1254 480 1315 tamen
506 1251 767 1339 praeceperunt
788 1241 1063 1316 Sacerdotibus
1082 1238 1237 1314 omnibus

155 1357 308 1431 latinam
325 1357 483 1430 sormam
503 1379 658 1452 precum
676 1353 865 1450 nunquam
882 1354 1068 1429 omittere.

204 1470 274 1544 IX.
303 1467 605 1544 Confessionalia
622 1467 660 1541 in
678 1467 864 1542 Ecclesiis
882 1468 1076 1567 erigenda,
1092 1492 1162 1567 pro
1178 1490 1242 1540 mu·

154 1584 286 1659 lierum
297 1582 598 1659 confessionibus
610 1581 1029 1680 excipiendis,decrevit
1040 1581 1243 1659 Concilium

155 1698 316 1799 primum
333 1697 624 1791 Baltimorense,
637 1696 738 1793 quod
756 1695 923 1771 districtc
938 1697 1168 1771 servandum
1180 1721 1245 1770 om·

155 1813 242 1889 nino
260 1825 329 1888 est.
382 1812 571 1888 Ecclesia²
587 1824 714 1886 autem
737 1812 902 1906 nomine,
918 1813 968 1887 ad
992 1812 1246 1888 consessiones

156 1926 378 2020 audiendas,
395 1926 581 2000 Sacristia
604 1938 758 2000 nonest
780 1926 1033 2026 intelligenda,
1050 1926 1123 2002 nisi
1148 1928 1247 2003 locus

154 2041 204 2116 sit
221 2041 393 2140 publicus
411 2054 451 2114 et
467 2055 612 2138 patens.

204 2154 253 2229 X.
281 2153 379 2229 Cum
397 2154 669 2228 intellexissent
692 2155 829 2229 Patres
851 2155 965 2253 proela
979 2154 1253 2254 typographica·

157 2268 281 2343 avitis
302 2268 500 2343 catholicis
524 2269 562 2343 in
586 2269 738 2343 urbibus
764 2268 960 2344 Baltirnori
983 2280 1023 2343 et
1040 2268 1250 2346 Cincinnati

157 2382 292 2483 parari,
308 2383 604 2480 inspectantibus
627 2383 776 2458 clericis
797 2385 845 2457 ab
864 2382 1069 2458 Ordinatio
1086 2383 1251 2484 designa·

156 2498 224 2591 tis,
249 2497 426 2594 quoniam
443 2497 480 2570 id
505 2497 613 2571 bonis
631 2496 797 2571 moribus
815 2511 854 2571 et
876 2496 1092 2595 Religionis
1109 2497 1252 2572 utilitati

158 2625 409 2711 opportunum
432 2635 519 2684 esse
541 2611 725 2704 viderunt,
741 2611 831 2685 illud
855 2610 1013 2685 maxime
1039 2613 1250 2708 probarunt

208 2727 277 2800 ΧΙ.
303 2726 421 2799 Juxta
435 2724 692 2823 praescriptum
704 2738 743 2799 et
756 2738 921 2799 mentem
935 2725 1101 2798 Ritualis
1115 2725 1252 2800 Roma·

159 2840 209 2934 ni,
222 2841 375 2914 sedulus
393 2839 442 2912 sit
459 2840 599 2913 Pastor
615 2841 822 2913 anirnarum
840 2840 877 2914 in
891 2839 1084 2913 visitandis
1102 2838 1252 2914 infirmis

160 2967 198 3030 et
215 2955 512 3053 agonizantibus,
529 2954 641 3027 otiam
666 2954 863 3052 postquam
881 2954 1011 3028 ultima
1031 2969 1254 3051 receperunt

161 3082 419 3160 sacramenta3
446 3080 485 3142 et
501 3069 583 3142 illos
599 3070 828 3161 exhortetur,
845 3068 1075 3162 consoletur,
1088 3069 1255 3168 adjuvet,

162 3199 201 3259 et
219 3185 342 3259 elicito
361 3185 408 3256 ab
426 3183 484 3275 iis,
501 3183 532 3256 si
556 3184 714 3281 possint,
730 3209 828 3257 novo
847 3182 1095 3258 confessionis
1115 3195 1155 3256 et
1172 3209 1256 3259 con

161 3300 319 3377 tritionis
337 3313 439 3392 actu,
456 3301 551 3371 nova
566 3299 770 3373 identidem
789 3300 905 3372 donet
922 3298 1170 3374 absolutione.

213 3416 273 3490 Sit
297 3414 434 3514 pariter
458 3413 631 3487 assiduus
655 3414 693 3487 in
719 3413 985 3512 praedicatione
1009 3413 1111 3487 verbi
1135 3413 1257 3507 divini,

155 3532 267 3630 juxta
282 3529 436 3602 modum
455 3552 566 3624 quem
585 3527 798 3601 Concilium
811 3527 1074 3601 Tridentinum
1093 3529 1257 3626 praescri·

162 3644 217 3718 bit
237 3645 352 3740 (Sese.
371 3642 419 3734 V,
443 3642 536 3741 Cap.
554 3646 580 3715 2
601 3643 646 3714 de
667 3639 769 3738 Res.)
791 3641 949 3734 scilieet,
968 3641 1100 3715 diebus
1122 3643 1255 3717 saltem

163 3756 359 3833 dominicis
374 3768 413 3830 et
424 3756 530 3830 sestis
544 3756 785 3849 solemnibus,
797 3756 924 3853 plebes
939 3756 1008 3830 sibi
1020 3757 1258 3851 commissas,

164 3897 231 3970 pro
250 3872 373 3945 suaet
398 3895 528 3944 eorum
547 3870 772 3969 capacitate,
789 3883 923 3967 pascat
939 3870 1163 3945 salutaribus
1182 3896 1258 3946 ver·

163 3986 239 4078 bis3
265 3985 439 4059 docendo
463 4010 538 4058 non
557 4009 653 4058 vana
675 3984 732 4057 vel
758 3983 944 4077 intricata,
960 3986 1029 4058 sed
1055 4009 1139 4081 quae
1159 3985 1257 4061 scire

165 4099 336 4176 omnibus
354 4099 610 4173 necessarium
628 4110 687 4172 est
712 4100 761 4172 ad
787 4099 965 4190 salutem3
991 4124 1067 4173 non
1091 4125 1175 4195 quae
1196 4100 1258 4175 ad·

164 4215 398 4290 mirationem
413 4239 504 4314 erga
521 4216 737 4311 loquentem
751 4225 970 4312 provocent,
983 4215 1050 4288 sed
1066 4240 1150 4311 quae
1162 4215 1258 4312 ipso

165 4357 246 4406 rum
264 4329 492 4405 audientium
510 4328 809 4424 aedificationem,
826 4341 864 4403 et
880 4328 1029 4427 pietatis
1052 4327 1259 4404 incremen
