2820 5010
528 391 791 445 raovrnomnr
818 392 880 443 vn.
1181 375 1257 447 275

158 590 254 665 quas
272 567 432 644 durante
451 567 624 644 Concilio
650 565 827 643 Patribus
853 567 1033 664 exhibuit,
1048 593 1199 645 necnon
1216 582 1255 645 ct

158 681 340 781 dignitate
357 705 403 756 ac
422 682 602 780 sapientiai
619 682 753 779 quibus
779 706 910 757 eorum
928 683 1255 760 deliberationibus

159 795 318 894 praesuit
1324 782 1327 789 ¹

204 909 372 985 Dcmdm
384 909 537 987 Reviiro
554 909 604 986 D.
615 910 804 1005 Ponrrua,
815 910 1011 1010 Episcopo
1024 911 1253 1009 Mobiliensi,

159 1021 180 1097 ὲ
194 1022 373 1099 Patribus
391 1050 484 1100 cura
501 1025 730 1099 demandata
747 1038 806 1098 est
823 1026 873 1101 ad
888 1027 1086 1101 Summum
1101 1026 1256 1101 Pontifi-

157 1161 244 1215 cem
261 1138 455 1215 deferendi
479 1139 589 1238 hujus
616 1138 777 1213 Concilii
794 1139 898 1213 Acta
914 1151 954 1214 et
977 1139 1165 1233 Decreta,
1191 1141 1254 1215 oui

157 1250 267 1327 simul
292 1252 479 1351 significet
507 1252 618 1352 quim
643 1253 885 1328 vehementer
913 1252 1039 1327 animo
1068 1265 1255 1352 angantur

158 1364 376 1442 Americani
406 1365 595 1442 Praesules
625 1367 673 1443 de
703 1366 819 1465 ipsius
849 1367 1022 1443 aerumnis
1052 1391 1099 1441 ac
1131 1368 1255 1463 exilio,

156 1480 296 1580 quippe
320 1481 385 1578 qui
410 1481 564 1557 doleant
588 1481 637 1558 de
662 1480 907 1557 atrocissimis
931 1480 1071 1581 injuriis
1097 1482 1139 1555 S.
1159 1482 1254 1556 Sedi

159 1592 396 1692 apostolica
419 1595 606 1695 irrogatis,
630 1594 807 1693 tanquam
832 1594 980 1670 sibimet
1004 1593 1094 1694 ipsis
1119 1595 1157 1670 in
1175 1621 1255 1693 per-

156 1710 249 1782 sont
279 1709 444 1808 supremi
469 1708 635 1784 omnium
668 1707 840 1782 Pastoris
870 1708 994 1802 illatis,
1023 1733 1141 1806 seque
1170 1721 1253 1785 toto

153 1822 274 1899 corde
290 1823 418 1901 Deum
443 1823 591 1923 precari
607 1833 649 1901 ut
664 1821 843 1920 respiciat
859 1822 898 1897 iu
919 1822 1114 1899 Christum
1130 1848 1253 1918 suum,

155 1958 203 2013 nc
220 1947 279 2013 tot
295 1937 486 2037 tantisque
503 1936 610 2014 malis
627 1936 771 2012 mederi
788 1935 972 2036 dignetur.

205 2050 384 2151 Rogatus
402 2064 462 2128 est
486 2051 600 2128 etiam
616 2050 718 2127 idem
743 2049 916 2127 Revffius
939 2050 989 2128 D.
1007 2049 1183 2131 Poarrnn
1199 2064 1254 2145 ut,

152 2164 305 2243 nomine
330 2166 488 2243 Patmm
514 2164 687 2259 Concilii,
711 2165 850 2264 gratias
875 2176 964 2265 agat
990 2165 1176 2249 societati
1202 2166 1250 2242 de

155 2278 407 2379 Propagandi
424 2280 521 2354 Fide
540 2278 717 2378 Lugduni
735 2304 802 2378 pro
820 2278 1003 2354 hactenus
1021 2280 1168 2355 collatis
1187 2280 1251 2355 do·

152 2392 213 2469 nis
229 2405 269 2471 et
284 2394 491 2487 beneficiis,
506 2395 752 2493 ejusdemque
779 2393 984 2468 Societatis
1001 2392 1253 2470 Moderatori-
1322 2409 1324 2413 ’

153 2507 225 2582 bus
250 2519 416 2607 exponat
441 2519 534 2605 quot
550 2519 590 2582 et
614 2507 743 2606 quanti
768 2506 934 2583 utilitatis
951 2507 1095 2582 fructus
1115 2532 1162 2582 ex
1185 2507 1251 2583 hu-

145 2620 316 2719 jusmodi
339 2621 533 2698 beneficiis
553 2622 635 2721 jam
660 2621 829 2719 percepti
854 2621 940 2715 sint,
956 2631 996 2698 et
1020 2620 1058 2696 in
1083 2621 1248 2696 futurum

151 2735 229 2813 sint
244 2737 347 2815 certe
366 2736 607 2836 percipiendi.

411 2980 551 3042 SESSIO
571 2978 725 3043 TERTIA
745 2979 798 3040 ET
819 2978 990 3041 ULTIMA.

202 3192 402 3269 Donrmcn
428 3193 554 3291 quinti
579 3204 665 3290 post
691 3191 858 3286 Pascha,
875 3192 935 3266 die
964 3196 1009 3266 13
1034 3192 1142 3287 Maii,
1158 3193 1249 3268 hori

152 3307 239 3383 verb
263 3311 309 3381 10
325 3308 373 3382 A.
392 3307 447 3381 Μ.
467 3318 554 3406 post
577 3306 738 3380 Missam
764 3305 971 3381 solemnem
989 3309 1010 3381 a
1026 3307 1179 3382 Revno
1196 3309 1247 3385 D.

151 3421 455 3520 Archiepiscopo
480 3420 746 3496 Baltimorensi
763 3421 1005 3515 celebratam,
1022 3422 1247 3497 concionem

151 3536 282 3613 babuit
321 3536 496 3611 Revmus
533 3535 583 3611 D.
620 3533 836 3633 Episcopus
876 3534 1245 3612 Neo-Eborncensis.

151 3648 252 3724 Turn
279 3662 411 3749 aperta
436 3662 495 3723 cst
512 3648 645 3722 Sessio
664 3648 775 3722 tertia
792 3661 830 3723 et
855 3649 998 3744 ultima,
1014 3649 1247 3748 servatisque

148 3765 324 3840 omnibus
342 3789 426 3862 quae
441 3764 480 3838 in
497 3762 711 3837 Pontificali
728 3761 909 3837 Romano
928 3776 966 3837 et
985 3764 1249 3839 Caeremoniali

151 3905 218 3978 pro
249 3880 355 3956 hisce
385 3876 595 3954 Provinciis
625 3878 835 3975 approbato
862 3876 1164 3974 prescribantur,
1180 3877 1248 3955 ritd

149 3994 320 4092 perfecta
336 4005 397 4069 est
415 4004 454 4068 et
470 3992 654 4067 absoluta

543 4137 617 4212 En.
639 4138 878 4230 Dnnrnoux,
895 4136 936 4210 S.
955 4136 1003 4211 Τ.
1023 4135 1072 4211 D.
1093 4139 1194 4214 Scor.

543 4267 614 4343 Fa.
635 4268 824 4360 Luouurr,
841 4267 944 4343 Scor.
