2820 5010
509 414 761 466 rnovrnomrm
789 415 836 465 rr.
1146 395 1217 463 201

170 592 202 665 9.
229 589 295 667 De
319 589 428 667 bonis
451 589 539 666 rard
562 590 847 684 ecclesiasticis,
868 615 953 688 quae
971 591 1058 690 jure
1081 589 1102 663 a
1123 589 1220 664 cirili

135 715 311 783 ›otestate
323 703 1221 804 concess0,abEpiscopis,Ecclesiis,Collegiis,

135 818 380 915 llonasteriis,
396 821 551 919 aliisque
568 821 663 897 locis
682 821 751 920 piis
769 821 1021 920 possidentur,
1037 821 1096 895 rel
1117 819 1221 896 recti

135 935 170 1011 td
187 933 469 1034 Episcoporum
487 960 734 1012 successores
751 948 960 1029 transeunt,
972 936 1023 1010 nil
1040 934 1220 1033 estquod

135 1072 196 1127 roc
214 1049 372 1127 decreto
390 1060 595 1143 statuatur,
617 1049 782 1147 ideoque
805 1050 844 1123 in
860 1049 923 1124 illo
940 1049 1089 1123 minime
1107 1048 1221 1124 inclu-

135 1162 271 1241 luutur.
319 1163 505 1263 Episcopi
514 1161 638 1263 igitur,
647 1163 681 1238 si
691 1163 755 1261 qui
766 1163 840 1237 sint
850 1162 914 1260 qui
923 1164 1026 1237 nulla
1036 1163 1109 1237 alia
1121 1163 1223 1238 bona

135 1276 401 1357 llcclasiastica
424 1303 494 1355 suo
516 1277 668 1354 nomine
692 1278 924 1377 possideant,
947 1279 996 1353 ad
1021 1290 1222 1352 testamen-

135 1416 203 1481 um
220 1390 392 1492 superius
409 1392 641 1491 descriptum
657 1392 873 1467 faciendum
892 1417 969 1467 non
986 1403 1171 1467 tenentur.

174 1510 233 1582 10.
258 1506 407 1583 Eidem
423 1505 675 1582 sollicitudine
693 1507 735 1580 S.
751 1506 1009 1606 Congregatio
1026 1505 1223 1605 providere

135 1621 254 1697 olens
275 1621 469 1699 securitati
492 1623 677 1697 bonorum
699 1621 1023 1696 Communitatum
1044 1620 1223 1713 omnium,

135 1734 203 1813 rivo
225 1736 599 1830 Ecclesiasticarum,
614 1735 693 1810 sire
716 1734 1011 1835 Religiosarum,
1026 1746 1107 1810 tum
1130 1734 1223 1808 viro·

135 1862 311 1946 mm,tum
321 1851 436 1929 etiam
448 1851 669 1950 puellarum,
679 1863 719 1925 et
731 1872 1053 1948 quarumcumque
1067 1851 1223 1925 aliamm

135 1965 270 2065 riarum
293 1965 581 2060 institutionum,
605 1990 690 2064 quae
714 1965 811 2040 inter
834 1967 937 2041 bona
961 1964 1224 2041 ecclesiastica

135 2105 253 2159 ocum
265 2081 448 2177 obtinent,
460 2082 519 2157 rel
536 2081 670 2157 saltem
683 2106 815 2156 eorum
827 2093 971 2157 naturae
988 2080 1226 2180 participant,

135 2207 241 2296 nque
264 2196 423 2274 solliciti
447 2196 636 2273 Ecclesiae
660 2197 863 2272 Pastorum
887 2197 977 2273 curt
1001 2196 1070 2294 piis
1094 2196 1223 2270 usibus

135 2312 176 2389 ob
194 2336 291 2410 quos
308 2313 367 2387 vel
389 2322 612 2410 comparata
628 2312 687 2386 vel
704 2313 845 2387 donata
860 2311 1024 2406 fuemnt,
1040 2311 1225 2386 servanda
1273 2390 1274 2393 ,

135 2436 168 2501 at
187 2426 349 2525 posteris
366 2425 527 2502 fideliter
543 2426 833 2501 transmittenda
848 2436 948 2520 sunt,
965 2450 1050 2523 quae
1065 2450 1225 2523 sequun-

135 2552 189 2617 tur
207 2538 387 2617 desumit.

179 2659 238 2729 ll.
264 2653 587 2753 Archiepiscopus
599 2666 638 2728 et
650 2653 848 2752 Episcopi,
858 2665 945 2753 post
957 2652 1102 2728 decreti
1115 2653 1225 2751 hujus

135 2766 399 2869 receptionem,
410 2760 461 2845 ad
475 2769 713 2868 Superiores,
726 2768 949 2862 Praesectos,
961 2767 1020 2842 vel
1036 2767 1225 2842 Praesides

135 2883 466 2976 Communitatum,
482 2908 566 2981 qum
587 2882 685 2957 intra
708 2881 882 2957 dioecesis
909 2906 987 2956 suae
1003 2881 1098 2955 lines
1122 2905 1226 2979 repe·

135 2997 286 3092 riantur,
301 2998 479 3091 scribent,
500 2997 645 3094 illisque
669 2996 841 3071 omnibus
866 2995 1090 3072 auctoritate
1116 2996 1158 3070 S.
1178 2996 1224 3070 C.

135 3138 214 3211 quae
235 3111 306 3187 illis
324 3111 497 3187 omnibus
514 3111 564 3185 ad
591 3111 664 3186 hoc
683 3110 896 3207 specialiter
913 3109 1121 3209 delegatur,
1137 3135 1226 3208 prae

135 3226 270 3326 cipient
292 3237 347 3321 ut,
363 3223 634 3323 quamprimum
657 3224 738 3299 fieri
764 3223 913 3322 poterit,
933 3224 1132 3299 certiorem
1158 3247 1225 3322 per

135 3340 273 3419 litteras
303 3338 539 3439 Episcopum
567 3338 690 3436 ipsum
717 3338 874 3413 saciant:
907 3344 938 3412 l.
965 3339 1041 3433 An,
1066 3363 1162 3436 quae,
1187 3350 1225 3411 et

135 3480 206 3554 quo
223 3478 353 3548 onere,
368 3455 470 3528 bona
491 3452 685 3552 possideat
702 3452 965 3527 Communitas
983 3452 1044 3528 cui
1067 3451 1224 3550 praeest?

135 3575 163 3648 ἰ
191 3572 256 3647 An
273 3594 353 3646 suae
370 3568 642 3645 Communitati
657 3569 817 3644 facultas
836 3593 905 3644 seu
921 3569 985 3669 jus
1003 3568 1024 3643 i
1040 3568 1138 3644 civili
1162 3594 1226 3666 po

135 3696 271 3761 testate
292 3684 421 3760 datum
444 3682 568 3777 suerit,
582 3685 684 3758 bona
701 3682 827 3757 omnia
843 3683 902 3758 rel
926 3709 1056 3759 eorum
1080 3695 1225 3781 partem

135 3798 363 3900 possidendi,
379 3811 418 3874 et
435 3799 484 3875 ad
505 3823 750 3875 successores
768 3798 1044 3874 transmittendi
1062 3799 1118 3896 (ll
1135 3799 1226 3897 they

135 3914 226 3990 have
243 3916 342 3989 been
357 3913 637 4011 incorporated,
650 3914 726 3989 and
743 3915 984 4011 empowered
1001 3925 1041 3989 to
1058 3913 1148 3988 hold
1167 3914 1227 4008 all,

135 4053 174 4105 or
186 4052 261 4126 any
274 4038 360 4127 part
376 4026 422 4102 os
432 4027 529 4102 their
546 4039 735 4126 property,
747 4028 823 4102 and
840 4027 980 4123 what?)
998 4031 1031 4100 3.
1047 4027 1110 4101 An
1127 4028 1228 4102 bona

135 4141 272 4238 omnia,
288 4143 346 4216 vel
370 4141 495 4240 aliqua
511 4167 642 4217 eorum
659 4166 746 4241 pars
764 4141 786 4215 a
804 4141 1008 4240 Superiore
1025 4140 1084 4216 vel
1101 4143 1149 4216 ab
1167 4142 1229 4217 ali-

135 4282 209 4354 quo
228 4256 519 4332 Communitatis
542 4259 724 4350 membro,
740 4256 799 4330 rel
822 4255 844 4330 i
866 4255 1031 4353 pluribus
1052 4256 1229 4355 conjunc-

138 4370 202 4447 tim
221 4371 482 4471 possideatur?
532 4375 566 4445 4.
593 4371 657 4447 An
674 4371 835 4468 aliquem
853 4369 1059 4446 invenerint
1075 4371 1229 4445 modum

282 4489 332 4559 26
