2820 5010
445 444 448 449 ·
532 415 786 467 rnovmclnuu
815 415 863 466 lv·

542 819 861 917 lllllllllllUll

155 1078 183 1129 8.
209 1075 540 1129 consumsimus
565 1076 777 1127 dannanus
803 1076 853 1126 DE
879 1074 1128 1125 normanna
1154 1074 1256 1147 FIDE,

201 1194 251 1244 DE
273 1190 536 1244 oscannum
554 1191 721 1242 conclu!
740 1188 1002 1242 Pnovlrtcmus
1020 1189 1057 1239 Π
1077 1188 1256 1239 sturmo·

201 1306 336 1358 annsls
354 1305 677 1356 communnione,

221 1509 306 1586 ΠΜ
335 1510 537 1609 Synodum
567 1521 740 1609 quartam
770 1508 1047 1585 Provincialem
1077 1509 1257 1585 Baltimo

238 1649 404 1720 rensem,
416 1623 511 1699 RR.
529 1624 610 1700 ΡΡ.
629 1625 719 1699 DD.
734 1624 1060 1724 Archiepiscopus
1077 1625 1258 1700 Baltimo

153 1738 288 1834 renuis,
302 1750 342 1814 et
359 1738 544 1838 Episcopi
557 1738 765 1815 dioecesum
782 1738 821 1814 in
838 1738 1053 1814 Foederatis
1067 1740 1257 1815 Americae

154 1852 472 1951 Septentrionalis
493 1851 704 1928 Provinciis
726 1853 980 1947 existentium,
996 1877 1127 1927 mense
1148 1852 1257 1928 Maio

152 1990 253 2042 auno
267 1970 365 2042 1840
374 1968 626 2062 celebrantes,
638 1966 809 2043 §snum
819 1967 949 2042 Duum
958 1967 1145 2043 Nostrum
1155 1969 1258 2042 Gaa-

153 2106 303 2157 uoruuu
320 2081 402 2158 ΡΡ.
413 2080 511 2157 XVI
529 2083 674 2181 precati
686 2083 825 2159 luerint
837 2095 880 2158 ut
893 2084 1050 2159 decreta
1062 2084 1111 2158 ab
1125 2083 1258 2159 eadem

153 2194 382 2271 Provinciali
407 2196 570 2294 Synodo
596 2197 764 2292 condita,
783 2196 1008 2298 Apostolicd
1032 2197 1259 2273 auctoritate

153 2312 409 2406 confirmaret,
425 2311 457 2386 si
483 2324 572 2412 post
596 2325 816 2388 accuratam
841 2315 1062 2389 eorumdem
1088 2313 1272 2389 decreto.

153 2450 235 2501 rum
262 2425 621 2520 considerationem,
646 2427 933 2505 confirmatione
961 2429 1029 2502 sud
1054 2427 1168 2527 digna
1195 2428 1260 2502 illa

155 2566 241 2615 esse
260 2540 493 2641 judicasset3
520 2540 561 2613 S.
586 2541 844 2641 congregatio
867 2542 1066 2617 Generalis
1092 2542 1140 2616 de
1166 2539 1260 2616 Pro

154 2656 328 2756 pagandd
352 2654 451 2730 Fide
477 2654 606 2729 habita
623 2656 683 2730 die
704 2661 750 2729 16
775 2655 1002 2731 Novembris
1027 2679 1127 2730 anno
1152 2659 1260 2750 1840,

155 2771 344 2845 referente
368 2768 472 2843 Efflo
489 2793 536 2844 ac
560 2769 667 2844 nno
691 2769 1121 2846 D.JrcoaoP1nun›ao
1145 2770 1187 2844 S.
1206 2768 1258 2844 R.

155 2886 201 2961 E.
215 2883 411 2961 Cardinali
423 2884 664 2979 Fnausonro,
675 2884 787 2961 Sacri
801 2886 959 2962 Consilii
972 2886 1176 2980 Praefecto,
1189 2883 1260 2982 Sy-

153 3001 244 3078 nodi
274 3000 512 3101 sapientiam,
540 3001 729 3101 religionis
764 3001 999 3077 incrementa
1031 3001 1259 3101 procurandi

156 3116 335 3210 studium,
345 3127 386 3191 ot
398 3114 685 3191 Ecclesiasticae
698 3114 905 3213 disciplinae
915 3116 1176 3192 custodiendae
1189 3118 1261 3190 sol·

156 3230 388 3307 licitudinem
414 3254 499 3327 quae
527 3228 566 3303 in
595 3228 640 3304 iis
666 3228 832 3305 decretis
863 3229 1060 3330 perspicue
1091 3241 1263 3329 apparet,

153 3344 387 3446 magnopere
405 3346 694 3440 commendans,
710 3345 859 3421 censuit
876 3369 923 3420 ac
941 3345 1109 3420 decrevit
1126 3345 1263 3444 suppli·

156 3461 323 3535 candum
341 3459 547 3535 Sanctitati
565 3460 657 3535 Suae
673 3472 715 3535 ut
732 3458 1024 3557 Archiepiscopi
1042 3472 1081 3535 et
1102 3459 1262 3559 Episco

158 3598 292 3671 porum
309 3573 528 3649 memoratis
553 3573 723 3672 superius
749 3574 924 3672 precibus
943 3598 1123 3669 annuere,
1139 3586 1179 3649 et
1200 3575 1263 3651 de-

157 3700 264 3763 creta
281 3688 330 3762 de
348 3687 484 3786 quibus
501 3687 624 3787 agitur
641 3687 866 3763 confirmare
884 3688 1110 3788 dignaretur.

206 3802 323 3877 Hanc
341 3812 469 3876 autem
488 3802 529 3876 S.
550 3802 867 3901 congregationis
885 3804 1111 3879 sententiam
1130 3804 1262 3879 ssno

158 3917 247 3991 Dno
264 3915 410 3991 Nostro
428 3916 587 3990 relatum
604 3918 652 3990 ab
671 3916 722 3990 R.
735 3917 780 3991 P.
793 3918 842 3991 D.
855 3915 1016 3993 Ionurro
1030 3919 1264 4015 Canourruo,

158 4030 462 4130 Archiepiscopo
488 4030 705 4125 Edesseno‚
723 4031 765 4104 S.
785 4031 1104 4131 Congregationis
1127 4034 1265 4111 Secre-

156 4146 265 4241 tario‚
279 4146 318 4219 in
336 4145 525 4219 audientia
542 4145 615 4220 diei
632 4149 683 4220 22
700 4143 926 4220 Novembris
947 4149 1056 4241 1840,
1067 4146 1263 4222 Sanctitas

158 4259 240 4334 Sua
256 4259 294 4333 in
312 4259 486 4333 omnibus
508 4258 667 4358 benigne
689 4259 873 4355 probavit,
889 4272 929 4335 et
947 4259 1104 4335 decreta
1121 4262 1169 4336 de
1188 4262 1264 4359 qui-

158 4375 228 4450 bus
246 4398 374 4450 sermo
392 4384 464 4469 est,
478 4372 699 4472 Apostolicd
717 4373 1004 4452 confirmatione
1021 4377 1213 4472 roborata,
1225 4376 1263 4450 in
