2820 5010
580 389 810 441 PLBNARIUH.

501 762 903 879 ruuunuuu

175 1031 225 1083 DE
251 1034 505 1088 susurronum
531 1036 761 1088 sommum
787 1036 942 1089 PRECUM
967 1034 1039 1087 PRO
1066 1034 1233 1085 convn-

465 1152 577 1202 stone
603 1150 938 1203 schsflontcowst.

152 1339 387 1416 Berrrssruu
413 1343 561 1439 Purus,

234 1469 458 1548 PISCOPI
475 1473 638 1551 Concilii
655 1470 820 1547 Plenarii
836 1469 1122 1547 Baltimorensis
1139 1470 1249 1545 misc·

257 1584 421 1661 ricordiu
446 1588 538 1662 moti
564 1612 655 1686 erga
671 1586 728 1661 tot
750 1586 893 1661 animas
912 1586 1099 1661 diabolica
1115 1586 1248 1661 fraudo

153 1697 350 1796 deceptas,
383 1712 422 1774 et
455 1725 478 1775 a
511 1701 571 1775 via
603 1700 768 1775 veritatis
803 1711 986 1795 errantes,
1018 1712 1248 1775 censuerunt

153 1813 420 1892 instituendam
440 1843 525 1892 esse
552 1817 803 1891 Sodalitatem
828 1840 984 1915 precum
1009 1839 1078 1914 pro
1096 1839 1251 1891 conver-

153 1926 260 2003 sione
278 1931 575 2007 acatholicorum
592 1931 630 2005 in
647 1928 861 2005 Foederatis
878 1929 1088 2004 Provinciis
1105 1926 1253 2004 Ameri-

154 2066 212 2115 cae
254 2043 582 2142 Septentrionalis,
615 2056 811 2143 sperantes
846 2044 927 2118 sore
960 2054 1003 2118 ut
1036 2066 1084 2117 ex
1125 2042 1251 2142 hujus-

155 2156 257 2230 modi
281 2157 515 2235 institutione
536 2184 613 2234 non
639 2158 735 2233 levia
752 2158 789 2233 in
806 2159 940 2232 sratres
957 2168 1109 2231 nostros
1128 2181 1253 2232 erran·

155 2280 214 2343 tes
247 2273 349 2347 bona
382 2275 457 2348 sint
489 2274 759 2367 redundatura,
792 2273 954 2347 maxime
988 2271 1021 2345 si
1055 2271 1250 2347 Sanctitas

157 2383 297 2460 Vestra
324 2387 426 2461 illam
455 2382 727 2487 approbatiode
758 2410 829 2461 sua
858 2387 1053 2480 decorare,
1079 2410 1126 2461 ac
1156 2385 1252 2460 insra
1347 2384 1349 2388 ’

155 2502 372 2576 memoratis
390 2502 637 2602 Indulgentiis
656 2502 775 2576 ditare
794 2501 977 2601 dignetur.

200 2619 231 2687 l.
251 2614 304 2688 Ut
314 2616 468 2715 singulis
479 2615 728 2691 confratribu
736 2625 775 2689 et
786 2614 1052 2689 consororibu
1064 2614 1252 2712 praedictoe

158 2727 380 2803 Sodalitatis
411 2730 644 2804 concedatur
669 2727 836 2831 plenaria
859 2726 1111 2827 Indulgentiu,
1136 2753 1251 2825 quum

157 2842 227 2916 rite
258 2845 423 2918 confessi
453 2844 670 2943 paschalem
699 2842 1001 2917 communionem
1029 2843 1254 2940 receperint,

157 2957 222 3054 qui
239 2957 405 3053 quotidie
424 2969 646 3055 sequentem
671 2957 880 3030 orationem
906 2980 1145 3052 quocumque
1163 2956 1253 3031 idio·

158 3084 258 3146 mate
275 3073 333 3170 pie
346 3073 598 3147 recitaverint:
625 3074 874 3172 Omnipotens
887 3074 1115 3170 sempiterne
1133 3074 1254 3167 Deus,

158 3190 226 3285 qui
242 3188 370 3262 sulvus
388 3215 531 3282 omnes,
549 3201 585 3263 et
602 3193 793 3262 neminem
808 3187 1021 3286 disperire,
1037 3189 1186 3286 respice
1203 3188 1257 3263 ad

158 3303 312 3375 animas
329 3301 675 3399 diabolicasrauda
692 3302 882 3401 deceptus,
897 3312 942 3374 ut
959 3300 1137 3375 omnibus
1154 3327 1255 3377 erro·

157 3416 266 3489 ribus
277 3417 440 3515 rejectis,
450 3418 665 3490 muntium
675 3416 793 3489 corda
802 3415 1045 3513 recepissent,
1055 3416 1256 3491 eradam-

159 3529 253 3602 tatis
278 3541 355 3603 tuoe
378 3529 537 3603 redeant
559 3531 757 3603 unitatem.
809 3528 890 3601 Per
910 3527 1107 3602 Christum
1123 3528 1255 3604 Domi·

158 3667 256 3714 mrm
273 3654 459 3717 nostrum.
510 3642 643 3716 Amen.

209 3759 244 3829 2.
271 3754 369 3827 Item
388 3755 594 3853 plenarium
619 3753 899 3852 Indulgentium
916 3755 953 3829 in
972 3757 1102 3831 mortis
1120 3757 1255 3832 articu-

160 3870 198 3941 lo
224 3869 428 3963 lucrentur,
446 3896 533 3944 cum
558 3893 646 3943 vere
672 3869 897 3966 prenitentes
916 3881 955 3944 ct
981 3872 1159 3966 confossi,
1178 3872 1253 3945 SS.

160 3981 412 4057 Eucharistiae
426 3995 703 4057 sacramentum
718 3984 972 4080 susceperint3
998 3986 1055 4059 vel
1070 3999 1255 4083 quatenus

158 4095 197 4169 id
223 4096 350 4170 facere
376 4098 621 4194 nequiverint,
639 4097 714 4170 SS.
732 4096 831 4171 Jssu
857 4123 995 4172 nomen
1021 4124 1088 4174 ore
1112 4100 1169 4173 vcl
1188 4100 1257 4173 sal-

158 4222 237 4283 tern
255 4213 372 4285 corde
389 4212 654 4287 invocaverint.
