2820 5010
225 348 275 420 48
516 371 728 422 concinium
754 370 1041 421 nunrruonnnsc

226 558 385 639 vertant,
402 547 461 620 vel
487 547 562 620 alia
578 571 817 643 quacumque
842 546 1002 637 ratione,
1020 545 1250 619 donatorum
1267 566 1322 616 vo

225 660 408 734 luntatem
438 660 663 736 frustrentur
690 673 728 735 et
757 659 945 754 fraudent,
969 661 1029 733 vel
1055 684 1140 756 quae
1169 658 1261 733 fidei
1288 668 1324 732 et

226 798 327 848 curae
353 774 618 872 episcoporum
644 773 848 849 commisse
873 783 974 867 sunt,
990 797 1038 846 ex
1055 796 1189 849 eorum
1212 771 1324 845 mani·

226 887 296 960 bus
315 887 473 986 eripere,
490 888 603 961 etiam
624 888 718 985 legis
745 886 931 984 praesidio,
948 897 1147 980 conentur,
1165 910 1235 960 eos
1253 910 1324 983 pm·

225 999 283 1074 nis
301 1025 324 1074 a
341 1000 573 1076 Tridentinis
599 1000 776 1074 Patribus
801 999 974 1099 irrogatis
990 1023 1117 1074 rerum
1134 999 1324 1074 Ecclesiae

226 1115 510 1212 usurpatoribus
537 1116 652 1212 (Secu.
681 1112 811 1208 XXII,
840 1115 933 1214 Cup.
956 1119 1014 1207 ll,
1038 1114 1085 1188 de
1110 1112 1216 1211 Res.)
1241 1112 1322 1212 ipso

224 1230 327 1304 facto
345 1232 542 1329 subjacere
561 1228 811 1323 decernimus,
828 1240 867 1302 et
884 1229 1133 1341 declaremus.

269 1455 396 1529 XVII.
431 1456 637 1530 Monemus
664 1455 886 1530 sacerdotes
913 1455 978 1553 qui
1004 1455 1190 1530 ecelesias
1210 1456 1323 1532 admi·

222 1570 393 1662 nistrant,
418 1595 575 1667 quarum
606 1570 734 1644 titulus
766 1570 955 1668 episcopis
986 1570 1146 1644 traditus
1177 1583 1252 1664 est,
1276 1597 1323 1645 ne

224 1684 382 1758 aedituos
408 1683 446 1756 in
471 1683 515 1756 iis
541 1685 684 1780 absque
703 1683 969 1781 episcoporum
987 1683 1216 1758 auctoritate
1234 1709 1322 1759 con·

223 1798 392 1891 stituant,
409 1798 467 1871 vel
496 1798 582 1896 eligi
612 1823 635 1870 a
664 1798 837 1872 fidelibus
867 1798 1097 1895 permittant,
1121 1823 1171 1873 ne
1197 1799 1325 1875 liberae

222 1936 352 1985 eorum
378 1911 689 1987 administrationi
715 1912 1025 2009 impedimentum
1044 1912 1209 2010 -aliquod
1239 1938 1324 1988 nas·

223 2036 341 2099 catur.

271 2251 419 2326 XVIII.
456 2254 638 2329 Statuunt
668 2254 805 2329 Patres
834 2254 927 2330 ritus
957 2278 1089 2329 saeros
1114 2279 1183 2353 pro
1209 2256 1324 2331 bene-

223 2366 386 2441 dictione
411 2367 486 2441 SS.
510 2369 761 2463 Sacramenti,
777 2369 814 2443 in
834 2369 1097 2445 Caeremouiali
1122 2381 1162 2444 et
1185 2369 1325 2447 Manu·

223 2481 271 2554 ali
289 2481 370 2578 jam
394 2482 646 2578 praescriptoS,
663 2485 710 2557 ab
729 2485 901 2559 omnibus
919 2484 956 2557 in
980 2483 1085 2558 hisce
1103 2482 1322 2560 Foederatis

223 2595 430 2668 Provinciis
450 2596 579 2669 stricte
598 2622 684 2672 csse
702 2599 970 2672 observandos.

269 2824 390 2897 ΧΙΧ.’
417 2825 548 2905 Quum
575 2826 852 2923 sapientissimo
880 2827 1038 2901 consilio
1062 2830 1254 2927 perleges
1273 2856 1320 2906 ac

221 2951 362 3011 statuta
381 2939 510 3013 harum
538 2942 918 3038 Rerumpublicarum
938 2955 1091 3016 cautum
1110 2943 1170 3037 sit,
1187 2970 1238 3017 ne
1256 2971 1322 3042 po-

219 3065 338 3125 testas
370 3055 550 3127 secularis
583 3055 696 3129 ullum
731 3068 887 3153 usurpet
915 3056 980 3153 jus
1011 3081 1097 3130 sese
1131 3057 1170 3130 in
1205 3061 1319 3134 rebus

219 3167 337 3240 sacris
355 3166 603 3261 immiscendi,
616 3170 851 3243 meminerint
868 3170 1048 3268 episcopi,
1061 3196 1136 3268 quo
1155 3175 1319 3249 maxime

219 3293 378 3376 possunt
396 3283 534 3374 studio,
552 3285 652 3379 apud
671 3284 948 3357 Auctoritatem
975 3284 1119 3358 civilem
1148 3287 1320 3362 laboran-

218 3397 320 3488 dum,
337 3398 541 3492 prudenter
567 3410 706 3491 tamen,
723 3411 833 3495 prout
859 3398 1046 3472 Dominus
1073 3405 1320 3498 suggesserit,

217 3535 265 3582 ne
297 3536 461 3606 unquam
490 3512 679 3604 catholici,
697 3513 759 3609 qui
787 3513 844 3586 vel
873 3512 1010 3586 militiae
1027 3513 1084 3584 vol
1111 3515 1227 3589 classi
1254 3519 1318 3592 ad-

214 3624 343 3722 scripti
361 3638 460 3714 sunt,
478 3626 594 3700 cultui
619 3627 916 3701 acatholicorum
942 3638 1077 3700 contra
1094 3651 1203 3702 suam
1228 3657 1317 3706 con-

215 3738 412 3812 scientiam
430 3740 567 3813 adesse
587 3754 782 3837 cogantur.

263 3969 351 4042 XX.
387 3968 600 4042 Hortantur
626 3969 762 4043 Patres
781 3984 823 4044 ut
845 3970 981 4067 ubique
1000 3996 1067 4068 per
1085 3970 1203 4046 hasce
1222 3971 1316 4047 Pro-

214 4081 354 4155 vincias
374 4083 435 4180 pia
453 4083 500 4156 ad
527 4086 812 4181 propagandam
837 4085 951 4157 fidem
983 4085 1161 4159 Societas
1188 4100 1317 4161 exten-

216 4196 324 4269 datur
343 4222 387 4270 ae
407 4212 683 4292 promoveatur,
700 4226 784 4296 quae
800 4201 837 4273 iu
856 4199 986 4274 Galliis
1005 4225 1092 4275 cum
1109 4213 1216 4274 tanto
1234 4202 1317 4275 reli·

213 4310 333 4407 gionis
352 4312 524 4405 profectu
543 4312 678 4385 existit.
