2820 5010
534 410 785 461 rnovrncrsua
813 411 875 461 vu.
1182 391 1257 461 289

156 584 315 661 tistitum
331 586 590 686 designantur,
600 585 739 684 pariter
752 585 999 686 Amplitudini
1016 597 1092 660 tuae
1108 586 1257 661 tradan-

157 699 227 775 das
244 697 344 776 duxi.

202 812 324 896 Quod
341 813 493 890 domim
504 815 668 913 pertinet
680 814 730 889 ad
747 813 966 905 Ecclesiam
984 815 1033 889 do
1045 814 1254 916 Mootcrcy

154 926 192 1002 in
210 927 427 1024 Galifornii,
436 930 518 1028 jam
537 928 638 1005 certe
656 928 817 1003 innotuit
831 954 969 1004 novum
981 928 1079 1003 illius
1096 928 1257 1027 Episco

155 1066 260 1140 pum,
275 1042 326 1118 R.
345 1043 391 1120 P.
409 1044 459 1118 D.
481 1044 690 1118 Josraauru
719 1043 851 1116 Sanos
880 1043 1089 1137 Assuras,
1117 1042 1257 1119 Romae

157 1156 487 1233 consecrationem
503 1156 775 1256 Episcopalem
791 1157 1024 1255 suscepisse:
1049 1156 1151 1231 idem
1167 1156 1256 1232 vero

150 1272 233 1372 jam
249 1272 337 1349 hino
355 1286 416 1348 est
432 1273 625 1372 profectus
651 1284 693 1347 ut
710 1297 818 1346 suam
836 1283 941 1369 petat
958 1270 1189 1366 Ecclesiam,
1207 1273 1256 1347 do

156 1388 266 1488 cujus
282 1388 448 1489 suffragii
461 1389 548 1487 jure
564 1387 616 1462 nil
633 1398 694 1461 cst
709 1387 957 1479 immutatum.

207 1503 395 1601 Superest
419 1514 462 1578 ut
486 1501 734 1600 Amplitudini
758 1513 834 1576 tuae
858 1500 1046 1600 singulare
1068 1503 1256 1599 praebeam

156 1617 438 1716 approbationis
455 1616 710 1691 testimonium
728 1617 777 1689 ob
795 1640 843 1690 ea
859 1640 944 1712 quae
960 1640 1029 1713 pro
1042 1614 1254 1716 Religionis

156 1731 391 1808 incremento
416 1733 455 1806 in
477 1732 636 1829 Synodo
655 1743 764 1830 gesta
789 1742 886 1805 suut.
940 1731 985 1803 Si
1010 1731 1109 1805 enim
1126 1756 1173 1806 eo
1191 1756 1257 1806 no·

157 1846 258 1921 mine
275 1871 408 1923 omnes
426 1846 634 1946 generatim
644 1845 846 1919 Antistites
860 1844 924 1942 qui
941 1845 1142 1944 participes
1159 1845 1255 1921 illius

156 1960 372 2055 extiterunt,
388 1959 681 2037 commendandi
704 1957 894 2052 videntum
919 1960 983 2033 tui
1007 1959 1108 2034 certe
1134 1959 1256 2057 impri-

155 2075 227 2150 mis
245 2078 359 2175 opcra
383 2077 525 2150 factum
551 2075 723 2149 existimo
749 2087 803 2167 ut,
820 2073 972 2171 privatis
990 2074 1122 2149 studiis
1149 2099 1257 2173 sepo

156 2191 250 2285 sitis,
276 2192 440 2266 maxima
467 2192 677 2265 animomm
704 2189 906 2264 consensio
937 2189 1113 2284 extiterit,
1139 2202 1254 2287 atque

157 2305 307 2381 utiliora
323 2330 391 2404 pro
409 2306 586 2381 Ecclesia
598 2305 674 2383 Dei
691 2305 849 2379 consilia
866 2304 1037 2378 omnibus
1051 2304 1159 2378 facile
1174 2329 1257 2403 pro
1329 2355 1331 2359 -

156 2421 247 2495 bata
263 2420 462 2495 extiterint.
514 2419 660 2495 Precor
673 2418 819 2492 interim
837 2418 964 2492 Deum
981 2430 1023 2492 ut
1040 2429 1078 2491 te
1096 2418 1158 2492 diu
1177 2444 1257 2493 sos-

157 2534 274 2632 pitem
290 2535 593 2631 incolumemque
612 2542 746 2607 servet.

206 2648 359 2744 Romae,
376 2674 423 2724 ex
441 2649 602 2723 AEdibus
626 2648 667 2720 S.
688 2645 1003 2746 congregationis
1022 2646 1070 2720 de
1088 2644 1252 2745 Propag.

158 2762 270 2857 Fide,
286 2763 347 2838 die
365 2767 389 2836 9
406 2762 571 2862 Augusti
591 2765 696 2835 1850.

364 2908 400 2982 J.
421 2907 494 2982 Pu.
514 2907 637 2983 Cano.
656 2905 959 2999 FRANSONI,
975 2905 1203 3003 Praefectus.

570 3021 641 3094 Au.
661 3020 860 3112 Barcino,
876 3017 900 3092 ὰ
918 3021 1092 3094 Socratis.

698 3304 701 3311 '
709 3304 713 3311 ¹
721 3304 761 3313 ¹⁴⁸¹*
768 3304 904 3317 ruwvwnavm

544 3518 870 3615 llllCllllTUll

159 3747 185 3796 S.
202 3743 531 3795 concanonicum
549 3745 598 3794 DE
614 3744 860 3794 PROPAGANDA
876 3742 976 3812 stus,
989 3741 1060 3791 PRO
1075 3742 1255 3793 ACTORUM

255 3859 303 3909 ΕΤ
320 3858 580 3909 DECRETORUM
599 3857 767 3906 CONClLll
791 3856 843 3905 Vll
862 3854 1155 3906 APPROBATIONE.

226 4035 309 4112 UM
334 4034 385 4110 R.
409 4034 454 4109 Ρ.
473 4035 522 4108 D.
543 4034 706 4107 Snunau
730 4031 975 4122 Eccussron,
992 4029 1256 4129 Archiepisco-

249 4176 321 4250 pus
351 4148 650 4243 Baltimorsnsis,
679 4159 718 4221 et
748 4143 932 4243 Episcopi
964 4144 1252 4222 Foederatorum

158 4265 335 4367 Statuum
354 4264 543 4339 Americae
561 4259 890 4361 Septentrionem,
907 4258 1010 4332 Acta
1027 4270 1066 4332 ct
1085 4258 1256 4336 Decreta

158 4377 320 4453 Concilii
336 4377 413 4453 VII
437 4376 683 4452 Prormoialis
707 4372 994 4451 Baltimorsnsis
1013 4372 1143 4449 SSino
1164 4374 1252 4450 Dno
