2820 5010
567 446 819 498 raovmcrria
846 448 884 498 11.
1178 428 1248 499 109

150 634 330 717 tractata,
353 623 395 698 S.
420 622 736 721 Congregationis
761 622 925 716 nomine,
944 622 1010 698 tibi
1035 623 1247 724 ceterisque

152 738 358 837 Episcopis
383 737 538 835 collegis
563 739 637 812 tuis
663 737 874 836 significare
899 738 1093 812 debebam.
1145 738 1248 815 Reli-

155 877 272 949 quum
300 862 359 927 est
386 863 427 925 ut
455 850 701 949 Amplitudini
728 862 814 944 tuae,
834 876 880 925 ae
908 852 1124 927 memoratis
1152 853 1245 929 RR.

155 965 236 1041 PP.
254 966 344 1039 DD.
363 964 567 1064 Episcopis
584 964 774 1040 Americae
798 963 1013 1040 Foederatae
1028 966 1154 1041 fausta
1170 993 1247 1042 om·

155 1079 218 1153 nia
243 1104 389 1180 precer,
413 1089 453 1153 et
481 1079 610 1153 Deum
640 1079 822 1177 optimum
850 1079 1052 1154 maximum
1081 1105 1248 1176 exorem,

156 1204 198 1268 ut
213 1193 263 1268 ad
289 1193 479 1269 Ecclesia
494 1193 693 1267 utilitatem
710 1217 777 1268 vos
803 1217 935 1267 omnes
953 1193 1015 1268 diii
1040 1194 1248 1270 incolumes

156 1332 202 1385 ac
220 1307 351 1383 felices
368 1319 503 1382 servet.

204 1422 356 1516 Reme,
368 1447 416 1496 ex
433 1421 595 1496 AEdibus
610 1422 742 1497 Saeroe
760 1420 1073 1521 Congregationis
1092 1424 1140 1499 de
1157 1422 1248 1500 Ρη»

158 1534 330 1637 pagandi
346 1536 458 1631 Fide,
475 1536 536 1610 die
554 1540 603 1610 26
619 1536 711 1611 Julii
732 1538 836 1610 1834.

519 1650 565 1726 C.
583 1650 638 1724 M.
659 1651 780 1725 Cane.
800 1649 1063 1746 PEDICINI,
1079 1652 1198 1750 Proes.

727 1765 774 1838 Α.
793 1764 939 1860 Mirus,
956 1766 1056 1840 Scor.

483 2065 737 2079 mmmm!
741 2062 913 2077 ΜΑΑΜΜΡΑΑΑΑΝ

382 2280 586 2374 BREVE
633 2280 1023 2373 EPISTOLARE

157 2502 206 2553 SS.
229 2482 295 2552 mil
319 2496 453 2551 Nosi'm
476 2502 658 2552 GREGORH
679 2504 732 2553 1³1³.
752 2502 816 2553 XVI
847 2501 896 2552 Al>
920 2501 1249 2556 iacniaalscoauu

190 2615 510 2667 BALTIMORENSEM
528 2616 575 2666 ΕΤ
593 2616 792 2667 eviscopos
810 2616 899 2667 mus
918 2616 1214 2669 suaraieiriaos.

167 2790 450 2867 Venerabiliter
467 2792 672 2867 lintribus
687 2792 714 2865 J
716 2817 837 2866 icoao
851 2792 1146 2893 Arebiepiacopo
1162 2792 1251 2866 Bai

375 2908 587 3000 timarenai,
603 2918 641 2981 et
657 2911 740 3005 ejus
758 2906 1034 3007 Suffraganaia.

333 3102 712 3180 GREGORIUS
750 3103 917 3179 ΡΑΡΑ
952 3103 1078 3179 XVI.

221 3301 466 3409 venerabiles
492 3303 660 3397 Fratres,
683 3305 842 3377 salutem
868 3315 907 3377 et
931 3303 1194 3403 Apostolicam

543 3418 865 3493 Benedictionem.

233 3589 480 3666 ERLATAE
498 3591 638 3667 dudirm
655 3593 703 3666 ad
722 3616 791 3666 nes
808 3591 958 3666 fuerant
974 3592 1158 3692 Epistolae
1173 3620 1253 3672 vea-

250 3717 330 3799 ίτω,
339 3705 412 3780 una
425 3730 512 3780 cum
525 3705 687 3780 decretis
703 3705 862 3780 Concilii
875 3706 1119 3782 Provincialis
1134 3711 1254 3807 proxi-

163 3842 224 3895 mo
248 3844 351 3894 anno
375 3820 397 3894 a
420 3820 526 3895 vobis
552 3819 742 3914 celebrati,
767 3845 851 3917 quae
875 3820 1090 3896 auctoritati
1114 3837 1254 3900 nostrai

163 3934 397 4032 Apostolicae
412 3934 764 4031 obsequentissima,
780 3946 822 4007 ut
838 3958 907 4032 par
923 3947 1016 4030 erat,
1028 3936 1153 4011 animo
1170 3941 1254 4014 sub·

158 4048 314 4145 jecistis.
353 4050 452 4123 Haee
469 4048 596 4122 omnia
612 4072 791 4147 expensa,
801 4048 909 4122 nobis
920 4049 1150 4146 jubentibuS‚
1166 4065 1254 4129 sunt

164 4160 182 4233 i
198 4162 327 4235 nostre
343 4161 607 4262 Propagandae
629 4160 739 4235 Fidei
758 4161 1074 4260 Congregatione‚
1091 4190 1175 4261 quae
1191 4193 1274 4265 op,

163 4287 364 4370 portunum
381 4276 485 4350 vobis
504 4276 606 4350 dabit
623 4276 726 4350 circa
742 4275 804 4349 illa
820 4300 1053 4373 responsum.
1104 4280 1254 4380 Accipi-

165 4387 233 4463 etis
250 4388 361 4465 simul
372 4390 616 4489 Apostolieas
633 4401 783 4466 nostras
801 4388 966 4466 Litteras
977 4416 1091 4491 super
1101 4396 1255 4470 nonnul·
