2820 5010
160 323 209 393 28
448 343 660 394 conomius
688 343 976 395 rsurruonsuss

330 646 655 713 OONGREGATIO
678 648 856 715 TERTIA
878 648 1091 731 PUBLIOA,

474 825 528 867 om
553 806 590 868 12
610 825 693 881 mur,
715 826 804 869 noas
823 808 843 871 4
863 826 892 869 r.
913 825 950 869 ι.

120 992 127 1005 ’
213 960 458 1034 Ausus-:nunu
482 958 622 1037 Patres
655 984 802 1054 omnes,
826 972 989 1059 excepto
1023 956 1252 1037 Galvestoni·

162 1072 256 1169 ensi,
267 1072 455 1149 Ordinum
471 1072 755 1173 Religiosorum
774 1073 1064 1175 superintonet
1080 1074 1254 1175 theologi,

160 1187 258 1262 inter
270 1212 366 1285 quos
383 1187 481 1261 Rev.
500 1186 549 1262 D.
567 1187 765 1263 Jossruus
782 1188 835 1263 H.
852 1187 1067 1263 Puunsurr
1079 1190 1131 1264 ab
1147 1189 1253 1265 [lino

1 1343 2 1350 κ
162 1314 201 1376 et
217 1301 371 1378 Revffio
389 1300 584 1401 Episcopo
604 1301 646 1376 S.
665 1301 777 1376 Pauli
794 1301 965 1379 delectus
983 1302 1197 1403 theologus.

212 1414 481 1515 Argumentati
495 1426 584 1489 sunt
599 1414 769 1515 theologi
794 1415 843 1490 de
861 1414 1121 1493 Societatibus
1139 1440 1255 1492 secre

162 1529 223 1625 tis,
240 1529 288 1603 de
313 1528 459 1603 aedituis
477 1539 611 1603 contra
635 1528 873 1628 Episcopum
895 1529 1191 1631 insurgentibus,
1209 1531 1254 1605 do

161 1668 287 1718 rerum
311 1640 573 1740 temporalium
598 1642 935 1739 administratione,
951 1644 1001 1721 de
1025 1644 1170 1720 sobolis
1194 1670 1253 1744 pu·

160 1757 281 1853 blicis,
297 1768 337 1832 et
362 1756 410 1833 de
427 1755 600 1831 libertate
618 1758 743 1833 cultus
768 1757 806 1832 in
823 1758 994 1835 exercitu
1009 1770 1050 1835 et
1064 1759 1104 1835 in
1121 1760 1252 1834 classe.

325 2013 650 2081 OONGREGATIO
673 2014 866 2087 QUARTA
887 2016 1100 2098 pulum,

463 2207 518 2251 om
538 2207 637 2262 sovrs,
661 2192 698 2250 13
718 2208 801 2263 mnu,
824 2209 955 2253 usurus.

209 2343 486 2419 Consnuonrro
504 2341 578 2416 ista
594 2340 722 2416 habita
739 2354 798 2418 est
815 2342 910 2419 hora
933 2347 958 2418 9
974 2345 1023 2421 A.
1041 2344 1097 2421 Μ.
1109 2312 1157 2422 in
1172 2348 1253 2424 aedi·

158 2459 229 2534 bus
263 2454 670 2555 Archiepiscopalibus.
734 2457 904 2533 Adfuere
938 2458 1077 2535 Patres
1110 2487 1251 2538 omnes.

158 2573 302 2648 Actum
320 2582 379 2644 ost
397 2570 444 2645 de
462 2569 568 2644 novis
588 2572 752 2647 Sedibus
772 2573 972 2672 erigendis,
990 2575 1252 2677 episcopisque

157 2683 405 2760 nominandis.
475 2684 691 2761 Abfuerunt
724 2687 835 2785 igitur
870 2689 1088 2765 Secretarii.
1154 2693 1252 2768 Lata

157 2812 246 2874 sunt
264 2800 339 2874 duo
358 2798 515 2872 decreta
531 2825 615 2897 quae
632 2800 831 2897 incipiunt:
858 2802 1000 2878 Patres
1020 2805 1138 2904 hujus
1160 2808 1253 2882 Gon-

157 2917 249 3008 cilii,
266 2926 305 2988 ot
326 2913 420 3004 Qum
438 2915 482 2986 in
498 2926 642 3013 septem
663 2914 857 2990 Consiliis.

386 3170 638 3246 SESSIO
683 3172 1028 3249 SECUNDA.

203 3367 281 3439 Dm
299 3365 325 3437 J
328 3365 419 3458 oviS,
436 3364 531 3438 hora
550 3369 597 3437 10
615 3365 662 3439 Α.
681 3364 736 3438 Μ.
756 3380 1014 3442 convenerunt
1030 3368 1069 3444 in
1086 3372 1252 3446 ecclesia

153 3483 290 3554 Patres
317 3504 463 3572 omnes,
489 3478 676 3552 Ordinum
702 3480 985 3579 Religiosorum
1012 3483 1252 3581 Superiores,

154 3609 193 3671 et
211 3594 388 3693 theologi.
440 3592 602 3666 Missam
628 3617 695 3691 pro
723 3593 911 3669 defunctis
937 3597 1174 3694 praesulibus,
1191 3603 1252 3699 qui

153 3713 200 3786 ab
219 3710 349 3784 ultimo
370 3707 543 3783 Concilio
570 3707 799 3782 Provinciali
823 3708 965 3804 habito,
982 3735 1003 3784 e
1022 3711 1098 3785 vita
1123 3740 1251 3790 exces-

153 3849 250 3917 sero,
276 3821 479 3898 cclebravit
513 3820 647 3894 ulnus
675 3833 713 3895 ot
747 3822 921 3897 Revffrus
955 3825 1004 3898 D.
1031 3825 1249 3927 Episcopus

152 3936 436 4029 Natchotonsis,
453 3935 515 4009 cui
541 3935 767 4008 adstiterunt
792 3936 905 4010 Adm.
925 3937 1023 4011 Rev.
1050 3940 1100 4013 D.
1127 3941 1250 4015 Mim-

153 4080 249 4126 nrus
284 4053 466 4143 blindan,
500 4050 810 4141 archidiaconus3
852 4050 950 4126 Rev.
985 4053 1034 4127 D.
1072 4054 1249 4130 Aunxrus

150 4169 186 4240 J.
215 4165 598 4258 E1.1›an,diaconus3
632 4164 729 4238 Rev.
765 4165 814 4238 1).
843 4166 1049 4240 Hsnmcus
1074 4169 1251 4262 Gnmrm,

150 4280 415 4355 subdiaconus.
