2820 5010
533 406 785 458 aaovmomua
814 407 874 457 vu.
1179 383 1254 457 287

151 583 305 659 tuenda
351 580 448 656 Zelo
457 579 577 679 igitur
591 595 630 658 et
647 583 787 681 pietate
799 580 935 656 confisi
951 592 1031 654 tum
1049 577 1257 678 dignissimi

151 696 346 790 Praesidio,
366 705 657 794 ceterorumque
687 694 1050 795 sapientissimorum
1078 691 1258 767 Modera·

153 825 291 905 torum,
323 822 403 885 tum
432 810 636 886 Sociorum
665 810 832 885 omnium
864 809 974 906 hujus
1005 819 1083 881 tam
1111 806 1257 882 eximiae

153 924 419 1018 Institutionis,
439 949 636 1023 speramus
663 925 744 999 sore
770 936 825 1016 ut,
845 922 1165 1021 quemadmodum
1191 921 1257 996 hu·

154 1064 300 1138 cusque
325 1038 489 1132 fuerunt,
506 1039 561 1112 sic
588 1063 655 1136 per
680 1039 819 1112 multos
846 1037 972 1111 adhuc
997 1060 1118 1110 annos
1142 1034 1257 1110 futuri

154 1154 231 1231 sint
262 1153 528 1229 benefactores
559 1164 775 1227 nostrarum
804 1151 1025 1245 dioecesum,
1054 1161 1094 1226 et
1123 1149 1257 1225 divinae

153 1267 408 1346 Providentia
425 1291 516 1366 erga
532 1291 605 1341 nos
622 1265 893 1342 beneficiomm
910 1265 1204 1364 dispensatores.

202 1382 415 1478 Baltimori,
432 1383 493 1457 die
514 1386 560 1457 13
576 1381 672 1457 Maii
692 1385 797 1457 1849.

553 1900 862 1993 EPISTOLA

153 2124 184 2175 8.
199 2122 530 2174 communionis
548 2123 597 2172 DE
613 2122 862 2172 adornarunt
877 2122 964 2171 mnu
979 2123 1028 2172 An
1043 2122 1257 2176 anomalus·

467 2238 596 2288 COPUM
615 2236 945 2286 BALTIMORENSEM.

154 2380 279 2461 uma
295 2408 343 2459 ao
362 2381 507 2459 Reunia
526 2386 702 2479 Douma,

217 2526 685 2604 UPERVAOANEUM
712 2529 871 2604 arbitror
895 2529 1086 2604 immorari
1110 2530 1149 2605 in
1170 2555 1258 2606 cau·

242 2642 295 2716 sis
312 2643 546 2737 enarrandis,
562 2646 610 2718 ab
622 2668 717 2741 quas
731 2642 874 2718 tamdid
887 2644 1073 2742 judicium
1091 2645 1140 2719 de
1155 2646 1257 2721 Cou-

156 2754 243 2831 cilio
271 2755 456 2854 superiori
481 2781 582 2830 anno
613 2758 741 2832 habito
759 2758 872 2833 fuerit
899 2758 1072 2834 dilatum:
1096 2759 1134 2833 id
1156 2756 1257 2836 enim

156 2893 204 2944 ex
221 2870 439 2968 gravissimi
455 2882 682 2968 tempestate
701 2896 785 2968 quae
802 2870 1021 2945 Romanam
1038 2870 1256 2946 Ecclesiam

157 2982 287 3057 afflixit
311 2985 562 3082 repetendum
588 2985 810 3082 Amplitudo
837 2996 903 3059 tua
928 2985 1121 3082 ceterique
1148 2983 1258 3083 Epis·

157 3097 246 3196 copi
270 3098 385 3195 probe
416 3109 591 3173 noscunt.
644 3098 743 3174 cum
768 3096 856 3173 verb
888 3100 929 3173 S.
960 3099 1258 3199 Congregationi

159 3225 368 3288 conventus
394 3214 442 3288 de
460 3238 565 3288 more
583 3238 674 3288 suos
692 3212 825 3288 iterum
843 3214 1036 3289 celebrare
1062 3214 1178 3309 licuit,
1194 3240 1258 3290 cu·

157 3351 239 3402 ram
256 3328 409 3403 adhibui
425 3341 468 3403 ut
485 3329 533 3403 de
555 3330 667 3403 rebus
684 3329 722 3403 in
749 3329 909 3426 Synodo
928 3329 1057 3427 gestis,
1074 3329 1259 3428 quampri-

157 3440 260 3517 mirm
277 3442 514 3542 negotiorum
528 3445 647 3517 moles
666 3443 911 3541 permitteret,
924 3443 1144 3518 deliberatio
1156 3442 1258 3519 insti-

157 3568 335 3633 tueretur.
387 3558 536 3656 Accipe
560 3558 687 3655 itaque
714 3558 756 3631 S.
784 3557 1100 3658 congregationis
1129 3559 1258 3634 decre·

158 3682 239 3745 tum
264 3671 285 3745 ὲ
307 3672 438 3746 SSffio
463 3672 553 3746 Dno
579 3671 724 3747 Nostro
750 3674 963 3769 probatum,
988 3697 1063 3770 quo
1090 3672 1194 3747 Acta
1217 3684 1258 3747 et

160 3783 330 3861 Decreta
347 3786 515 3884 proedicti
534 3786 695 3862 Concilii
708 3786 787 3860 VII
800 3786 1086 3861 Baltimorensis
1100 3787 1258 3885 proban·

159 3911 219 3975 tur
245 3912 284 3976 et
309 3902 594 3978 confirmantur:
621 3903 800 4000 peculiari
825 3901 913 3977 verb
937 3902 1184 3977 instructione
1210 3927 1259 3977 ea

160 4013 355 4090 declarare
381 4040 542 4090 necesse
568 4017 649 4111 suit,
666 4043 749 4114 quae
774 4041 888 4115 super
915 4017 1049 4091 iisdem
1078 4017 1258 4092 Decretis

159 4128 492 4205 animadvertenda
509 4131 588 4205 visa
606 4144 703 4206 sunt.

208 4244 366 4321 Erectio
383 4271 564 4323 novarum
582 4247 878 4343 Prouinciamm,
890 4273 978 4323 cum
996 4249 1256 4350 designatione

163 4358 497 4459 suffraganeomm
523 4374 601 4437 tam
627 4387 695 4461 pro
721 4362 827 4438 novis
854 4363 1020 4441 Sedibus
1042 4363 1257 4462 Archiepis·
