2820 5010
157 324 209 396 62
446 342 657 399 conctnruu
683 346 971 398 onurrnonnnsa

155 521 258 595 riam.
310 521 497 621 Dignosci
514 523 628 597 etiam
641 524 761 621 potnit
778 522 879 598 haud
897 548 986 597 vero
1001 522 1249 620 Presbyteros

156 636 265 711 titulo
290 636 401 713 isthic
420 659 566 733 carere,
583 663 660 735 quo
686 638 973 713 Ecclesiasticae
998 638 1104 737 leges
1123 660 1252 710 omnes

157 753 334 851 praeditos
362 754 526 853 exigunt.
577 754 782 829 Enimvero
814 780 901 830 cum
931 752 992 828 alii
1021 752 1119 828 tituli
1151 753 1250 827 haud

153 866 263 940 sacile
288 866 399 941 isthic
426 878 627 965 suppetere
645 869 806 961 valeant,
822 867 961 942 tradita
985 866 1054 940 suit
1079 876 1249 964 potestas

156 981 354 1056 ordinandi
378 982 427 1055 ad
445 981 593 1055 titulum
617 980 835 1073 Missionis3
860 983 1004 1079 absque
1022 979 1123 1054 enim
1145 979 1252 1053 titulo

155 1093 368 1193 promoveri
384 1117 496 1168 nemo
515 1095 614 1168 valet
631 1095 679 1168 ad
705 1118 837 1169 sacros
856 1093 1036 1187 Ordines,
1053 1118 1177 1191 eoque
1196 1092 1254 1167 de-

155 1208 320 1301 ficiente,
354 1232 561 1304 suspensus
597 1231 645 1281 eo
678 1207 763 1305 ipso
797 1206 991 1282 ordinatus
1024 1206 1251 1305 intelligitur.

155 1322 424 1397 Recolendum
452 1334 511 1394 est
544 1321 698 1418 insuper
731 1320 768 1395 in
802 1322 982 1396 facultate
1016 1320 1253 1396 concedendi

155 1437 304 1511 titulum
320 1434 515 1509 Missionis
533 1434 671 1532 requiri
688 1435 777 1509 illud
795 1435 922 1528 etiarn,
939 1446 979 1509 ut
996 1434 1060 1532 qui
1078 1460 1127 1508 eo
1144 1435 1250 1509 titulo

153 1551 358 1625 instruatur
375 1549 489 1623 edere
507 1548 645 1623 debeat
662 1547 950 1646 promissionem
966 1574 1054 1623 cum
1065 1550 1253 1647 juramen·

155 1677 195 1740 to
207 1662 432 1738 inserviendi
445 1673 627 1760 perpetuo
642 1662 888 1737 Missionibus
901 1662 1125 1738 dioeceseos.
1169 1662 1253 1739 Nec

156 1779 307 1854 demum
343 1787 401 1850 est
435 1777 737 1874 praetereundum
769 1777 866 1852 inter
900 1777 1057 1852 decreta
1091 1775 1253 1852 Concilii

154 1893 252 1967 sexti
267 1890 553 1966 Baltimorensis
570 1915 728 1965 numero
745 1891 856 1965 tertio
874 1890 1114 1989 peculiariter
1136 1891 1252 1965 luisse

155 2006 344 2103 provisum
371 2005 498 2102 quoad
531 2006 772 2103 presbyteros
801 2005 866 2102 qui
898 2005 1071 2104 regulare
1099 2005 1253 2103 aliquod

152 2115 363 2190 institutum
380 2116 524 2214 ingredi
542 2117 666 2209 velint,
682 2127 724 2191 ut
740 2115 912 2191 nimirum
931 2118 1070 2216 proprii
1093 2118 1253 2217 Episco

149 2229 188 2328 pi
204 2229 351 2303 veniam
365 2230 516 2328 assequi
533 2232 711 2306 debeant:
736 2255 927 2328 quumque
945 2232 1143 2307 decretum
1159 2231 1250 2306 illud

154 2343 305 2419 tertium
323 2346 521 2441 probatum
539 2370 627 2420 cum
650 2345 802 2443 reliquis
827 2345 951 2438 suerit,
969 2345 1167 2445 diligenter
1184 2345 1252 2420 erit

155 2459 390 2533 servandum.
443 2460 643 2534 Hactenus
658 2459 837 2558 expositis
855 2459 993 2558 regulis
1011 2460 1082 2533 rite
1096 2484 1253 2558 perpen-

155 2575 219 2668 sis,
237 2586 350 2670 atque
376 2573 413 2645 in
440 2573 702 2647 executionem
726 2574 912 2666 deductis,
932 2573 1043 2647 facile
1069 2573 1256 2672 Episcopi

155 2713 202 2761 ea
236 2688 361 2761 oninia
394 2699 572 2785 poterunt
606 2713 849 2786 componere,
879 2713 962 2783 quae
1009 2689 1058 2761 ad
1094 2714 1251 2763 suorum

156 2801 516 2876 Ecclesiasticorum
534 2814 673 2876 statum
700 2803 904 2900 pertinent:
931 2801 1095 2875 referant
1113 2828 1203 2876 vero
1222 2804 1256 2876 si

154 2915 235 2988 aliis
253 2915 391 3013 regulis
410 2915 518 2988 editis
537 2916 691 2989 ulterius
710 2915 978 3013 providendum
998 2916 1179 2990 videatur.

205 3027 302 3101 llaec
329 3029 547 3126 appendicis
566 3030 680 3103 modo
699 3028 946 3126 Amplitudini
964 3040 1039 3103 tuae
1057 3042 1166 3104 crant
1183 3031 1256 3129 sig-

154 3139 343 3214 nificanda
370 3152 457 3237 post
482 3167 529 3215 ea
547 3165 630 3238 quae
647 3143 750 3217 circa
766 3140 989 3240 nuperrimae
1015 3144 1165 3241 Synodi
1192 3147 1255 3220 de-

154 3267 261 3329 creta
278 3257 389 3352 paulo
408 3268 521 3330 antea
537 3258 723 3355 rescripsi.

205 3368 350 3443 Precor
367 3369 507 3463 Deum,
524 3383 596 3444 etc.

204 3482 348 3556 Daturn
374 3483 524 3577 Rornae,
541 3510 588 3559 ex
605 3485 768 3560 AEdibus
796 3489 837 3562 S.
858 3490 902 3563 C.
923 3491 970 3563 de
997 3489 1259 3587 Propaganda

154 3595 263 3690 Fide,
281 3597 341 3670 die
358 3601 408 3670 23
426 3597 606 3673 Octobris
627 3604 733 3674 1852.

464 3739 502 3813 J.
522 3739 595 3814 ΡΗ.
616 3741 738 3816 Gran.
758 3743 1060 3837 FRANSONI,
1077 3746 1199 3842 Proef.

673 3873 745 3946 An.
764 3873 962 3967 Bnnrurno⁷
979 3900 1004 3948 a
1024 3877 1200 3951 Socratis.
