2820 5010
200 354 250 426 32
512 374 690 424 urrsrour
716 375 982 425 osororronm.

200 548 355 643 munito,
371 573 418 623 ao
439 549 616 624 roborata
632 551 681 625 ad
704 575 775 625 nos
792 550 946 624 tandem
967 549 1175 625 redierunt:
1221 551 1294 627 Ea·

199 665 286 739 dem
299 664 410 764 igitur
421 664 460 738 in
473 664 596 739 lucem
610 665 757 759 edituri,
767 665 840 739 und
850 689 937 739 oum
950 664 1032 738 aliis
1044 665 1295 760 documentis,

198 804 284 878 quae
308 779 593 854 successoribus
618 780 758 854 nostris
783 778 821 852 in
845 791 1039 877 posterum
1064 781 1294 875 necessaria,

198 905 264 968 aut
281 892 382 968 certi}
406 892 576 992 perutilia
599 894 679 968 sore
701 893 937 985 confidimus,
955 892 1195 991 Opusoulum
1216 894 1294 989 tibi,

199 1008 454 1084 Suncrrssrus
473 1008 617 1103 Pnrsn,
630 1009 796 1084 dicatum
814 1020 853 1082 et
869 1008 1053 1103 volumus,
1066 1022 1104 1083 et
1121 1010 1290 1085 facimus.

198 1123 244 1198 Id
262 1148 424 1221 numque
438 1123 604 1222 postulat
617 1148 785 1197 summus
803 1121 955 1196 honoris
970 1134 1008 1196 et
1020 1123 1291 1220 jurisdictionis

197 1237 401 1332 Primatus,
418 1263 493 1335 quo
514 1236 724 1312 Universali
747 1236 934 1311 Eoolesiae
952 1260 1083 1334 proees,
1100 1262 1147 1312 ao
1165 1239 1291 1313 modo

197 1353 309 1445 reris,
332 1353 468 1427 suadet
484 1352 726 1451 plurimorum
742 1351 956 1426 recordatio
973 1351 1204 1448 meritorum,
1216 1353 1291 1453 qui-

197 1465 515 1561 bus,etiamoi1m
537 1466 576 1540 in
598 1466 802 1541 minoribus
823 1490 970 1564 ageres,
985 1477 1089 1540 tuam
1106 1492 1198 1567 ergo
1221 1493 1290 1543 nos

196 1580 496 1655 benevolentiam
522 1580 724 1678 saepissimd
750 1592 911 1654 testatus
942 1604 1007 1672 es3
1035 1580 1180 1680 impulit
1210 1607 1291 1658 nas-

198 1695 318 1770 centis
339 1695 377 1769 in
400 1694 505 1770 hisce
523 1694 736 1793 regionibus
758 1693 947 1769 Ecclesiae
964 1694 1096 1788 decus,
1112 1695 1236 1771 honos
1254 1709 1293 1771 et

197 1807 481 1884 incrementum.
517 1807 689 1883 Posteris
703 1806 1147 1902 enimverd,er1ss1ur
1162 1833 1294 1905 mrsu,

191 1922 401 2022 jucundum
425 1922 720 2021 praeclarumque
743 1922 817 1998 hao
840 1923 969 1995 nostrl
985 1922 1122 2020 agendi
1145 1923 1290 1999 ratione

197 2037 408 2135 exemplum
421 2037 688 2134 relinquemus:
712 2034 798 2112 curn
811 2035 956 2112 scilicet
972 2036 1060 2110 novi
1073 2037 1174 2111 orbis
1191 2037 1292 2114 Prm

196 2151 297 2225 sules
311 2164 478 2225 veterum
495 2151 719 2226 inhaerentes
733 2150 897 2250 vestigiis
911 2146 1164 2245 intuebuntur,
1177 2164 1291 2250 atque

196 2266 246 2340 ad
262 2265 431 2341 Romani
447 2265 645 2341 Pontificis
662 2266 781 2364 pedes
799 2265 1030 2363 provolutos,
1046 2263 1217 2340 laborum
1233 2292 1293 2342 su·
1345 2259 1350 2265 ’

197 2404 305 2455 orum
322 2379 657 2474 confirmationem,
673 2379 881 2477 iisdemque
900 2378 1042 2476 sibique
1061 2380 1108 2454 ab
1127 2379 1200 2454 alts
1220 2381 1292 2457 Pe·

196 2493 243 2567 tri
261 2493 365 2569 Sede
383 2493 645 2593 Apostolicam
663 2492 975 2569 Benedictionem
993 2492 1252 2594 efflagitantes.
