2820 5010
206 391 255 463 38
493 410 705 463 coucuiuu
731 410 1019 462 nnnnuonauss

257 586 365 662 Hora
382 587 539 680 decima,
556 585 729 660 Revinns
749 586 799 660 D.
818 586 1143 686 Archiepiscopus
1161 589 1309 686 pontifi·

205 701 315 796 calla,
342 700 526 800 Episcopi
553 700 641 775 vero
669 700 843 799 pluvialia
868 726 985 800 supra
1010 702 1228 778 rochettum
1255 704 1307 779 in-

205 817 367 891 duerunt
384 841 472 890 cum
495 815 633 907 mitris3
658 814 833 890 vicarius
851 815 1037 914 generalis
1056 818 1306 914 Apostolicus

137 916 145 933 ⁸
204 931 365 1028 pluviale
391 932 535 1026 absque
561 929 685 1021 mitri3
710 928 918 1022 Doctores,
941 929 1144 1029 Theologi,
1168 932 1305 1029 aliique

206 1044 440 1120 Sacerdotes
466 1042 766 1118 sacerdotalibus
790 1042 1018 1117 indumentis
1044 1045 1167 1118 ornati
1188 1046 1305 1120 ‘adsti-

203 1170 331 1233 terunt
348 1161 438 1233 dum
457 1158 622 1233 Sacrum
635 1159 682 1232 ab
699 1156 853 1232 Revffio
868 1157 1170 1258 Archiepiscopo
1184 1161 1301 1235 lieret

202 1272 301 1347 Post
325 1273 502 1366 Sacrum,
519 1271 745 1347 concionem
769 1271 818 1345 ad
842 1272 1022 1370 populum
1048 1272 1180 1348 habuit
1202 1273 1303 1349 Rev·

203 1394 289 1462 filus
307 1387 525 1485 Episcopus
545 1385 897 1484 Carolopolitanus3
921 1388 994 1483 qul
1009 1386 1124 1480 finita,
1140 1386 1302 1463 Pallium

202 1501 356 1577 Revffio
374 1499 679 1598 Archiepiscopo
696 1501 743 1574 ab
765 1499 919 1574 Ravno
943 1499 1139 1599 Episcopo
1166 1501 1302 1578 Bosto

202 1615 322 1691 niensi
340 1613 477 1689 usitati
493 1613 612 1687 forma
627 1613 806 1688 traditum
824 1629 894 1688 cst.

250 1729 402 1804 Deinde
419 1739 552 1826 aperta
564 1739 624 1802 est
642 1728 823 1825 Synodus
836 1752 942 1803 more
959 1729 1131 1822 solemni,
1143 1731 1301 1806 servetis

202 1845 375 1919 omnibus
393 1868 477 1941 quae
493 1842 531 1916 in
554 1840 770 1916 Pontificali
791 1841 972 1917 Romano
990 1844 1302 1941 praescribuntur:

201 1971 315 2056 atque
328 1957 441 2032 Illno
454 1955 503 2030 D.
516 1955 819 2054 Aschiepiscopo
829 1955 1103 2056 interrogante:
1116 1958 1302 2034 Reverew

201 2073 352 2148 diesinei
375 2072 528 2163 Patres,
548 2071 784 2145 venerabiles
806 2069 978 2163 llatrea
990 2073 1172 2171 plaeetne
1193 2075 1301 2149 eote

199 2189 254 2262 ad
271 2187 534 2286 Deigloriam
550 2197 588 2258 et
603 2185 800 2277 honorent,
816 2186 924 2259 etad
943 2184 1152 2263 Catholieoe
1171 2187 1302 2263 Eccle-

199 2303 269 2376 sia
292 2299 640 2399 amplificationem
665 2298 883 2372 Concilium
908 2299 1155 2374 Provinciale
1179 2301 1301 2377 Batti-

200 2439 376 2489 marenee
398 2411 567 2513 legitimi
583 2414 849 2505 convocatum,
865 2425 904 2488 et
924 2411 988 2488 lule
1003 2427 1302 2515 congregatam,

198 2530 383 2603 hodierno
396 2529 458 2601 (lie
471 2528 628 2626 aperiri,
641 2538 678 2600 et
694 2527 899 2601 inchoari?
930 2526 1081 2626 Singuli
1096 2530 1300 2626 responde

199 2655 286 2718 runt
303 2643 377 2716 alta
397 2665 509 2716 voce:
535 2641 684 2733 Placet,
700 2643 908 2740 aperiatur.
960 2641 1095 2716 Illffius
1115 2641 1229 2741 igitur
1248 2643 1298 2719 D.

199 2756 536 2854 Archiepiscopus,
553 2767 630 2828 tam
654 2779 725 2829 suo
750 2755 860 2852 quim
882 2755 1211 2854 Coepiscoporum
1235 2782 1300 2832 no·

199 2872 312 2966 minc,
324 2872 377 2946 ita
393 2871 442 2945 ad
460 2869 641 2968 populum
655 2894 861 2944 conversus
880 2870 1148 2967 pronuntiavit:
1173 2872 1300 2947 curie

199 2989 232 3062 ti
251 2988 406 3061 amne
426 2987 617 3077 invocata,
637 2984 878 3057 deceruimus
898 2997 1078 3058 sanctam
1100 2986 1300 3084 Syvmdam

198 3102 485 3176 Provincialem
508 3100 832 3174 Baltimaremem
858 3122 941 3172 esee
968 3107 1155 3198 apertam,
1180 3103 1300 3176 etita

195 3218 616 3405 Jussgfflffiffius
654 3327 703 3401 D.
745 3326 1068 3425 Archicpiscopus
1106 3329 1300 3404 mandavit

199 3469 330 3519 eorum
347 3444 501 3518 nomina
521 3466 588 3541 per
606 3440 865 3516 Secretarium
890 3442 977 3541 legi,
994 3466 1090 3538 quos
1116 3442 1198 3540 ipse
1219 3455 1299 3517 tan-

199 3560 310 3657 quam
336 3557 497 3634 Concilii
526 3555 740 3631 Officiarios
768 3558 1024 3655 proponebat;
1054 3556 1189 3655 quibus
1218 3583 1300 3655 per·

199 3675 320 3769 lectis,
336 3675 386 3749 ad
407 3672 581 3747 Revffios
599 3670 864 3769 Coepiscopos
883 3695 1103 3764 conversus,
1119 3670 1172 3746 ita
1188 3672 1299 3747 inter·

199 3789 359 3888 rogavit:

248 3904 432 3977 Placetne
469 3901 588 3994 velie,
624 3901 859 3975 venerabiles
897 3898 1070 3994 batres,
1104 3899 1219 3974 hoece
1255 3902 1300 3975 in

203 4019 367 4091 Caecilii
390 4016 579 4112 Qfficialee
596 4016 823 4116 eligendos?
874 4013 928 4088 Et
952 4013 1138 4112 Episcopi
1161 4013 1298 4113 singuli

197 4132 488 4230 responderunt:
507 4131 653 4204 Placet.
690 4127 931 4204 Secretarius
944 4127 1072 4225 itaque
1084 4127 1297 4203 Decretum

196 4245 298 4342 legit,
318 4245 376 4319 his
402 4246 540 4321 verbis:
565 4246 732 4319 meae
757 4244 806 4317 D.
829 4242 1151 4342 Archiepiecepas
1176 4242 1298 4317 Baltt'-

196 4362 397 4454 morensis,
413 4359 491 4434 anei
509 4385 599 4434 eum
615 4358 821 4456 Epieeepie
838 4359 882 4431 in
896 4357 969 4430 leae
986 4380 1099 4431 saera
1122 4356 1297 4431 Concilio
