2820 5010
540 444 790 495 raovlnclnnu
818 444 870 495 111.

541 735 866 833 llllCllE'lUll

152 985 182 1035 S.
197 985 528 1039 conuuuuamonls
541 989 591 1039 DE
610 990 857 1041 alternatum
871 989 972 1059 slus,
985 988 1098 1038 clucn
1111 987 1251 1037 Dacus·

185 1101 321 1152 TORUM
338 1102 477 1154 sunum
495 1078 794 1154 anurlmoasnsrs
812 1105 854 1153 lll
870 1102 1221 1152 conrtuunrtouuor.

226 1305 310 1380 ΠΜ
335 1308 428 1383 Ru.
450 1308 530 1384 ΡΡ.
550 1309 639 1384 DD.
658 1309 983 1407 Archiepiscopus
1006 1307 1254 1382 Baltimoren·

213 1424 220 1449 ¹
249 1421 316 1516 sis,
332 1434 372 1497 et
396 1422 581 1522 Episcopi
605 1424 813 1498 dioecesum
838 1423 877 1497 in
906 1421 1121 1497 Foederatis
1139 1422 1253 1496 Amc-

154 1534 242 1609 ricm
268 1535 582 1634 Septentrionalis
608 1538 818 1612 Provinciis
844 1536 1097 1631 existentium,
1117 1535 1156 1610 in
1182 1536 1255 1634 Sy·

155 1650 257 1725 nodo
284 1650 510 1729 Provinciali
535 1677 666 1727 mense
683 1652 805 1750 Aprili
829 1676 930 1726 anno
951 1654 1045 1725 1837
1064 1650 1255 1725 celebrati

155 1766 571 1864 congregati‚SSffium
584 1767 712 1841 Duum
724 1766 906 1841 Nostrum
918 1766 1157 1840 Gnaeomuu
1170 1764 1252 1840 ΡΡ.

155 1877 252 1954 XVI
276 1880 422 1979 precati
445 1881 583 1957 suerint
607 1894 650 1957 ut
674 1882 831 1957 decreta
856 1883 905 1956 ab
933 1881 1065 1955 eidem
1092 1879 1254 1977 Synodo

156 1995 258 2069 edita
282 1996 506 2093 Apostolicd
529 1996 755 2071 auctoritate
783 1997 851 2070 sui
875 1995 1092 2095 dignaretur
1121 1994 1256 2069 confir-

156 2130 272 2205 mare,
293 2109 337 2203 si,
352 2110 523 2185 instituto
554 2111 602 2185 de
633 2110 766 2185 iisdem
785 2110 944 2209 judicio,
969 2110 1254 2186 confirmatione

157 2222 270 2322 digna
284 2236 436 2322 reperta
452 2223 629 2317 fuissent3
656 2225 698 2298 S.
713 2224 971 2324 congregatio
989 2224 1187 2298 Generalis
1205 2224 1255 2298 de

157 2336 409 2437 Propagandi
432 2338 544 2436 Fide,
560 2338 688 2413 habita
704 2338 765 2413 die
784 2341 807 2410 3
823 2338 915 2413 Julii
943 2342 1050 2432 1837,
1066 2339 1259 2413 referente·

157 2451 258 2527 Effio
280 2477 328 2528 ac
348 2452 455 2527 Rffro
476 2452 526 2527 D.
544 2452 695 2526 Jacoao
718 2453 905 2527 Pumuao
926 2453 967 2527 S.
986 2452 1038 2526 R.
1057 2452 1105 2527 E.
1125 2452 1256 2528 Cardi-

157 2566 232 2640 nali
256 2566 496 2660 Fanusoruo,
517 2566 558 2640 S.
582 2566 740 2641 Consilii
766 2566 970 2660 Praesecto,
990 2566 1257 2642 commendati

157 2679 355 2779 plurimum
374 2680 521 2778 Synodi
539 2680 732 2779 sapientis,
748 2681 959 2780 Religionis
981 2680 1256 2779 amplificandae

158 2795 295 2889 studio,
311 2806 425 2892 atque
451 2794 739 2892 Ecclesiasticus
765 2795 970 2893 disciplinae
996 2794 1256 2870 custodiendae

158 2910 365 3011 proposito,
381 2909 530 2985 censuit
547 2933 592 2984 ac
612 2909 780 2984 decrevit
797 2909 1084 3007 supplicandum
1107 2908 1258 2983 Sancti·

158 3025 225 3099 tati
244 3025 335 3099 Suae
351 3036 393 3098 ut
409 3036 629 3097 memoratae
643 3023 791 3121 Synodi
807 3023 986 3098 Decretis
1005 3022 1258 3098 confirmatio·

159 3163 245 3213 nem
262 3137 527 3237 Apostolicam
545 3137 805 3234 impertiretur.

208 3252 324 3327 Hanc
342 3264 470 3327 autem
489 3252 530 3325 S.
546 3251 863 3351 Congregationis
881 3249 1107 3326 sententiam
1125 3253 1258 3328 semo

158 3367 248 3441 Dno
268 3366 413 3441 Nostro
435 3368 593 3440 relatam
614 3369 661 3440 ab
683 3366 734 3440 R.
754 3366 799 3439 P.
818 3365 868 3440 D.
888 3367 1051 3439 Anemo
1071 3365 1195 3460 Maro,
1213 3367 1255 3441 S.

159 3481 317 3557 Consilii
331 3480 561 3574 Secretario‚
574 3480 612 3555 in
625 3480 813 3555 audientid
823 3480 897 3555 diei
910 3485 934 3553 9
945 3480 973 3554 J
974 3480 1037 3554 ulii
1048 3481 1136 3556 anni
1150 3485 1258 3578 1837,

159 3595 354 3671 Sanctitas
382 3595 464 3670 Sua
488 3593 647 3694 benigne
669 3595 707 3669 in
733 3595 906 3670 omnibus
928 3596 1110 3693 probavit,
1130 3609 1170 3671 et
1195 3595 1258 3671 de·

158 3723 265 3786 creta
282 3711 330 3785 de
348 3711 482 3807 quibus
499 3710 634 3809 agitur,
651 3711 826 3808 suprema
841 3710 1067 3786 auctoritate
1085 3714 1152 3786 sui
1169 3737 1259 3787 con-

157 3826 307 3901 firmata
322 3825 360 3900 in
384 3825 600 3900 Foederatae
617 3825 806 3901 Americae
832 3826 1147 3925 Septentrionalis
1170 3827 1259 3903 dioe·

158 3940 309 4016 casibus
327 3940 466 4015 servari
478 3939 602 4039 jussit.

206 4055 359 4148 Roma,
371 4079 418 4129 ex
435 4053 598 4129 AEdibus
617 4053 750 4127 Saorae
767 4054 1084 4154 congregationis
1098 4055 1146 4129 de
1165 4055 1259 4130 Pro·

159 4169 331 4269 paganda
348 4168 458 4263 Fide,
475 4169 536 4243 die
553 4173 578 4244 2
597 4168 833 4267 Septembris
854 4172 961 4243 1837.

159 4283 332 4360 Jacoaus
358 4225 569 4359 Pmduuus
595 4283 718 4358 Cano.
743 4281 1104 4358 FRANSONIUS
1108 4283 1257 4382 ,Praefl

539 4401 727 4475 Auosuus
743 4398 923 4494 Mnus,
903 4424 929 4474 a
946 4400 1121 4475 Socratis.
