2820 5010
503 409 756 463 nnovnrcmue
782 410 845 461 vn.
1147 387 1222 460 277

179 589 340 665 moros.
367 586 476 662 Deus
492 587 617 661 mittat
634 586 688 660 eis
702 584 878 661 auxilium
891 583 940 660 de
957 594 1106 679 sancto,
1117 595 1158 659 et
1174 585 1222 659 de

135 702 225 779 Sion
241 713 394 779 tueatur
411 726 491 777 eos.

174 817 329 893 aretia
356 815 561 915 Episcopis
586 827 624 889 et
649 813 887 913 Presbyteris
913 813 1046 889 harum
1071 811 1225 888 Provin-

135 931 284 1024 riarum,
294 930 357 1029 qui
369 932 511 1006 bonum
522 941 716 1005 certamen
729 940 933 1022 certantes,
943 928 1225 1009 obdormierunt

135 1048 165 1120 ur
181 1044 366 1139 Domino,
382 1070 467 1119 sors
484 1045 581 1118 inter
598 1053 764 1119 sanctos.

180 1159 342 1234 Chones.
369 1158 528 1233 Reddat
554 1157 624 1232 illis
651 1156 840 1231 Dominus
868 1180 936 1255 pro
971 1154 1147 1253 operibus
1173 1155 1226 1255 ip

135 1296 270 1367 sorum,
299 1282 338 1348 et
371 1274 521 1371 plenam
549 1272 767 1347 mercedem
795 1270 978 1370 recipiant
1007 1269 1028 1344 ὲ
1056 1268 1223 1344 Domino

135 1386 229 1462 Deo.

178 1500 331 1576 drcltt'd
358 1500 554 1576 Fidelibus
585 1499 869 1576 Provinciamm
897 1510 1123 1593 nostrarum,
1149 1497 1227 1573 uni-

135 1638 316 1713 versoque
334 1615 474 1713 populo
489 1614 719 1709 Christiano,
731 1638 806 1712 pax
818 1614 840 1688 a
852 1612 939 1688 Deo
952 1612 1070 1689 Patre
1082 1623 1227 1707 nostro,

135 1739 171 1804 et
187 1728 356 1805 Domino
374 1729 401 1803 J
402 1755 470 1804 esu
489 1729 654 1805 Christo.

185 1843 346 1920 cnonas.
373 1844 597 1920 Benedictio
610 1843 686 1918 Dei
699 1842 1229 1943 supereosmtqullibetper-

135 1957 344 2033 turbatione
376 1959 561 2052 submoti,
587 1958 752 2057 quietam
782 1969 821 2033 et
850 1956 1087 2054 tranquillam
1114 1955 1227 2029 vitam

135 2081 304 2171 ugentes,
320 2071 446 2146 liberis
463 2071 650 2146 mentibus
671 2070 839 2146 Domino
857 2069 1080 2145 deserviant.

181 2184 335 2261 motta.
362 2185 445 2260 Nos
460 2198 600 2280 autem,
612 2187 661 2260 ad
676 2184 923 2261 diversalicet
935 2186 1023 2260 loce
1035 2182 1229 2259 disceden-
1345 2168 1352 2178 ’

135 2311 207 2395 tes,
222 2325 468 2376 occurramus
495 2312 623 2375 tamen
640 2325 772 2375 omnes
797 2300 836 2374 in
859 2300 1040 2374 unitatem
1056 2298 1163 2391 fidei3
1188 2309 1231 2373 ut
1293 2376 1295 2381 ⁴

135 2414 343 2509 unanimes,
365 2415 466 2489 idern
492 2415 696 2512 sapientes,
720 2416 894 2489 eamdem
917 2413 1140 2489 charitatem
1166 2412 1230 2487 ha·

135 2529 281 2623 bentes,
291 2528 340 2603 ad
354 2552 466 2603 omne
478 2553 574 2626 opus
586 2530 728 2604 bonum
741 2529 873 2627 parati,
883 2528 1106 2628 promissam
1119 2526 1230 2601 Fide

135 2642 232 2717 libus
249 2642 367 2717 servis
384 2642 601 2718 mercedem
618 2667 906 2742 consequamur.

188 2756 350 2833 chono.
376 2758 516 2851 Amen,
532 2782 654 2832 amen.

469 3086 900 3105 mmmmm

391 3322 667 3420 lucullo
705 3325 980 3422 colcllll.

140 3550 170 3628 I.
262 3553 544 3631 ERLEGTIS
563 3555 693 3629 litteris
707 3554 925 3653 Encyclicis
941 3554 1088 3633 Summi
1105 3557 1233 3634 Ponti·

277 3669 360 3744 ficis
378 3670 441 3744 Pu
458 3669 678 3767 1x‚quibus
692 3671 915 3769 significavit
931 3698 973 3747 se
991 3673 1234 3751 vehementer

141 3796 272 3883 optare
290 3795 332 3858 ut
349 3783 532 3882 Episcopi
549 3785 663 3858 totius
683 3785 872 3862 Catholici
890 3785 989 3861 orbis
1006 3809 1075 3885 per
1091 3789 1234 3865 litteras

141 3898 211 3997 ipsi
227 3900 410 3974 referrent
427 3900 499 3997 qui
524 3899 723 3974 devotione
746 3902 869 3976 clerus
895 3903 1131 4001 populusque
1147 3904 1237 3979 fide·

142 4012 186 4087 lis
219 4037 311 4112 erga
343 4013 603 4088 immaculatae
628 4015 790 4115 Virginis
826 4016 1129 4116 Conceptionem
1162 4019 1237 4094 sint

141 4126 311 4219 animati3
346 4127 522 4203 Patribus
558 4129 729 4203 omnibus
763 4131 882 4204 visum
916 4142 975 4205 est
1008 4135 1238 4231 respondere
1341 4180 1345 4185 ·

142 4242 284 4317 clerum
302 4244 556 4341 populumque
573 4243 737 4338 fidelem,
753 4243 791 4318 in
816 4244 1030 4320 Foederatis
1047 4247 1237 4349 Americae

144 4354 328 4451 Statibus,
339 4359 474 4455 magna
491 4359 650 4459 flagrare
668 4383 759 4459 erga
776 4360 951 4435 eamdem
970 4360 1200 4437 devotiones
