2820 5010
150 386 224 459 188
435 404 649 460 concremat
675 404 965 459 nauriuouansa

151 581 331 658 arbitrata
347 594 421 677 est,
437 583 597 677 scilicet,
614 594 748 682 optare
764 606 808 659 se
825 582 1025 659 attentum
1045 582 1138 658 illud
1161 584 1257 659 cele

150 699 280 773 oretur
295 697 334 771 in
348 697 522 773 omnibus
536 698 708 797 superids
721 698 941 774 memoratis
954 698 1186 775 dioecesibus
1200 699 1259 774 die

153 811 358 887 Dominico
373 811 474 888 diem
487 817 538 887 29
548 812 656 889 Junii
670 812 886 889 immediate
904 813 1091 911 sequenti,
1102 812 1176 888 nisi
1191 814 1261 888 fes·

152 938 234 1002 tum
246 926 371 1025 ipsum
384 927 423 1001 in
437 927 537 1003 diem
554 927 800 1003 Dominicum
811 927 964 1004 incidat.
1014 926 1133 1003 Mens
1146 928 1259 1002 etiam

152 1053 213 1117 est
230 1041 273 1116 8.
293 1041 612 1142 Congregationis
629 1053 672 1117 ut
696 1042 882 1141 Episcopi
907 1043 1149 1118 dimossanos
1167 1068 1259 1118 suos

150 1155 201 1229 ad
220 1154 406 1254 jejunium
423 1156 584 1231 sabbato
600 1156 705 1255 quod
730 1155 849 1255 pridie
873 1156 970 1232 illius
987 1156 1077 1233 sesti
1100 1168 1163 1233 est
1183 1181 1260 1233 aar·

153 1269 317 1346 vandum
334 1270 593 1346 adhortentur.

201 1382 378 1483 Denique
392 1385 496 1483 quod
513 1396 664 1484 spectat
680 1385 731 1461 ad
749 1384 1041 1484 pulcherrimam
1053 1398 1094 1462 et
1110 1385 1260 1486 publici

151 1525 303 1600 quoque
330 1501 662 1578 commendatione
689 1503 921 1580 celebratam
949 1503 1150 1602 epistolam
1177 1528 1259 1579 vea-

150 1626 248 1691 tram
274 1615 511 1714 Synodelom
536 1617 587 1691 ad
617 1615 789 1693 §Silium
818 1617 948 1693 Duum
978 1616 1179 1714 Nostrmn,
1203 1642 1259 1693 re

151 1754 336 1831 sponsum
366 1731 389 1807 lt
418 1731 635 1808 Sanctitate
665 1732 746 1808 Sul
775 1732 857 1833 ipal
885 1732 1141 1832 subscriptum
1170 1732 1260 1809 huic

152 1846 323 1946 epistolae
339 1845 489 1944 adjicio.

205 1961 305 2037 Haec
322 1972 411 2037 sunt
428 1986 513 2060 quaa
530 1961 579 2037 de
596 1972 733 2060 quarto
749 1960 978 2038 Provinciali
993 1962 1263 2041 Baltimorensi

152 2074 327 2151 Concilio
345 2074 413 2152 tibi
429 2075 451 2150 i
466 2100 529 2151 me
543 2087 652 2151 erant
668 2075 927 2176 significanda.
979 2075 1189 2175 Reliquum
1201 2090 1262 2154 oet

151 2200 195 2264 ut
211 2188 461 2288 Amplitudini
481 2201 559 2266 tum
579 2189 651 2289 ipsi
668 2191 718 2264 ob
736 2190 940 2290 singularia
950 2190 1019 2283 ‚illa
1035 2203 1262 2269 omamanta

156 2304 400 2381 vehementer
417 2305 596 2405 gratuler,
608 2305 743 2403 quibus
757 2330 846 2381 cum
863 2308 968 2381 tantl
983 2306 1177 2406 religionis
1193 2307 1262 2385 uti·

151 2418 567 2520 litato'Archiepiscopi
582 2420 712 2495 munia
728 2421 906 2496 obeunda
921 2444 1049 2516 curas,
1064 2432 1105 2497 et
1121 2446 1261 2522 precor

151 2532 293 2628 Deum,
312 2546 385 2610 etc.

201 2649 354 2743 Romae,
368 2675 415 2723 ex
429 2648 592 2724 AEdibus
611 2649 745 2725 Sacrae
762 2649 1080 2750 congregationis
1098 2650 1149 2726 da
1166 2652 1260 2728 Pro

153 2765 327 2862 pagandi
345 2764 457 2860 Fide,
475 2765 535 2839 die
556 2768 602 2837 19
619 2764 847 2840 Decembris
868 2769 973 2839 1840.

152 2941 327 3017 Jacosos
346 2940 557 3017 Petarenos
575 2943 699 3018 Canu.
711 2940 1256 3044 FRANSONlJraeseotus.

323 3121 352 3194 Ι.
373 3121 710 3196 Ancnmmscorus
727 3120 972 3214 Enassnnus,
987 3120 1011 3194 ὰ
1029 3121 1207 3199 Secretis.
