2820 5010
512 408 769 477 cicomacum
796 409 844 460 vr.
899 367 901 372 ’
1152 388 1227 460 w

135 585 278 680 teretis,
294 608 351 660 era
371 584 528 660 redditae
550 583 658 659 nobis
676 595 764 659 sunt
785 607 862 659 non
878 582 995 659 multd
1018 583 1228 683 postquim,

135 698 321 775 Pontifice
344 698 407 773 illo
430 699 673 774 ad-virtutum
698 721 850 774 suarum
874 697 1068 797 praemium
1091 697 1112 773 i
1135 697 1224 772 Duo

135 812 290 889 Orrruo
315 812 481 887 Msxruo
506 813 768 911 accipiendum
789 825 938 908 vocato,
954 838 1038 908 nos,
1053 812 1140 888 licet
1163 812 1228 886 im·

135 939 338 1022 merentes,
354 928 404 1003 ad
421 928 466 1002 B.
485 927 591 1002 Petri
607 926 827 1002 cathedram
844 928 966 1002 evecti
982 951 1122 1002 sumus

183 1041 446 1117 Voluissemus
465 1042 615 1140 quidem
632 1041 736 1116 vobis
761 1041 842 1115 sine
859 1042 963 1115 mori
979 1041 1227 1139 respondere3

136 1155 206 1230 sed
229 1157 508 1254 expectandum
534 1154 656 1254 potiris
674 1179 760 1230 esse
778 1155 987 1248 statuimus,
1004 1167 1045 1229 ut
1070 1153 1226 1253 primirm

136 1272 184 1346 de
209 1274 321 1347 rebus
347 1273 385 1347 iu
410 1286 619 1348 memorato
643 1272 816 1347 Concilio
842 1272 957 1371 gestis
981 1271 1226 1347 venerabiles

135 1384 292 1461 Fratres
317 1387 437 1462 nostri
459 1388 500 1461 S.
519 1387 570 1460 R.
589 1386 635 1460 E.
656 1386 877 1461 Cardinales
901 1386 1060 1485 negotiis
1086 1387 1228 1484 Propa-

135 1501 270 1600 gandae
294 1502 406 1577 Fidei
429 1500 630 1600 praepositi,
652 1512 883 1594 accuratam,
905 1513 947 1575 ut
969 1502 1124 1595 assolet,
1148 1526 1228 1598 per-

135 1615 399 1695 tractationem
424 1626 661 1715 peragerent,
682 1615 864 1713 nobisque
888 1616 935 1689 de
960 1615 1227 1690 deliberatione

135 1727 277 1804 idcircb
293 1730 341 1803 ab
358 1729 492 1803 iisdem
508 1729 674 1803 instituti
687 1729 822 1804 deinde
839 1730 1032 1804 referrent.

182 1841 299 1918 Nunc
317 1842 404 1917 verb
422 1842 508 1918 clun
524 1843 563 1917 id
580 1843 756 1918 effectum
779 1843 846 1919 rite
864 1843 986 1938 fuerit,
1003 1868 1164 1942 cumque
1182 1867 1230 1918 ea

136 1956 263 2031 omnia
290 1958 464 2032 absoluta
493 1957 579 2051 sint,
595 1982 679 2056 quae
704 1959 753 2032 ad
782 1981 902 2033 novas
921 1959 1045 2033 Sedes
1071 1958 1228 2057 Episco-

136 2070 254 2169 pales,
267 2085 378 2168 prout
392 2071 550 2168 petistis,
562 2071 600 2145 iu
613 2071 826 2169 regionibus
839 2071 919 2145 istis
933 2072 1229 2166 constituendas,

136 2196 251 2283 atque
268 2186 318 2259 ad
336 2185 555 2258 earumdem
571 2185 781 2260 Praesulum
794 2184 1017 2261 electionem
1034 2185 1230 2261 institutio

136 2323 298 2396 nemque
311 2298 525 2373 faciendam
537 2299 750 2374 necessarii)
763 2299 1058 2396 requirebantur,
1068 2299 1230 2377 scriben-

137 2413 224 2488 dam
250 2411 355 2488 vobis
381 2413 480 2489 hanc
507 2412 704 2511 epistolam
729 2413 1031 2509 existimavimuS,
1051 2426 1093 2489 ut
1116 2414 1230 2490 animi
1296 2403 1298 2408 ’

137 2525 256 2602 nostri
273 2552 409 2602 sensus
427 2527 532 2602 vobis
550 2526 856 2626 significaremus.

187 2640 348 2717 Scilicet
372 2642 542 2717 laetamur
566 2640 761 2740 plurimum
785 2641 825 2717 iu
847 2642 1014 2717 Domino
1039 2643 1088 2717 de
1112 2642 1230 2719 iucre-

139 2767 268 2830 mento
286 2780 491 2855 permagno
509 2757 612 2853 quod
629 2757 729 2854 apud
746 2781 813 2830 vos
831 2756 1048 2831 Ecclesiam
1065 2757 1231 2832 Catholi·
1321 2857 1323 2860 Ι

139 2894 224 2946 cam
241 2870 280 2944 in
298 2869 378 2945 dies
405 2896 542 2968 capere
568 2873 776 2971 gaudentes
798 2872 927 2946 testati
944 2872 1044 2947 estis.
1096 2873 1231 2948 Gratu-

139 2985 260 3059 lamur
284 2984 372 3060 verb
396 2986 638 3060 vehementer
658 2985 781 3060 virtuti
801 2985 1065 3085 laboribusque
1086 2986 1231 3081 vestris,

140 3100 202 3197 qui
219 3101 474 3200 propagandae
497 3099 707 3199 Religionis
725 3100 901 3200 singulari
925 3101 1050 3177 studio
1067 3101 1232 3195 animati,

139 3217 188 3291 ad
206 3215 509 3313 amplificandam
526 3241 703 3315 maguam
718 3215 830 3290 istam
847 3215 966 3292 vineae
980 3216 1135 3291 Domini
1151 3240 1231 3314 par·

140 3342 230 3424 tem,
242 3355 374 3405 curam
387 3355 538 3406 omnem
549 3354 595 3405 ac
606 3332 835 3430 pastoralem
846 3331 1232 3407 sollicitudinemcon·

140 3444 286 3520 tulistis.
339 3446 546 3543 Speramus
560 3458 687 3521 autem
703 3445 867 3522 futurum
880 3457 923 3522 ut
938 3445 1130 3522 uberiores
1144 3469 1234 3542 quo-

140 3559 228 3635 tidie
247 3559 391 3636 fructus
417 3585 465 3636 ex
485 3561 665 3660 praeclari
687 3562 857 3637 laborum
874 3573 1082 3636 vestrorum
1107 3584 1233 3658 prose·

142 3673 293 3750 cutione
311 3675 534 3774 percipiatis.
585 3676 624 3751 N
625 3703 669 3752 os
687 3677 847 3774 denique
864 3676 968 3751 vobis
986 3674 1113 3774 aperti
1130 3675 1233 3773 polli-

143 3814 284 3884 cemur,
296 3790 385 3866 nihil
402 3816 568 3890 unquam
584 3817 654 3866 nos
673 3814 759 3864 esse
776 3789 995 3885 omissuros,
1008 3791 1110 3888 quod
1127 3790 1232 3866 vobis

143 3915 182 3979 et
197 3903 388 3981 Ecclesia
404 3930 532 3982 causae
548 3929 661 4003 quam
685 3903 936 4004 pertractatis,
952 3904 1100 3979 utilitati
1119 3917 1234 4069 atque

144 4017 361 4118 adjumento
379 4043 466 4094 esce
482 4017 614 4119 possit

191 4131 357 4226 Interea,
374 4135 464 4209 dum
481 4159 548 4208 vos
574 4131 754 4209 certiores
782 4129 940 4207 facimus
967 4132 1015 4206 de
1036 4065 1236 4208 Conciliii

144 4246 247 4321 vobis
273 4246 390 4322 habiti
417 4247 579 4323 decretis
597 4272 664 4346 per
681 4257 925 4322 memoratam
944 4243 1039 4322 Ven.
1058 4246 1235 4321 Fratrum

145 4375 359 4550 nostrorppr
383 4364 425 4437 S.
454 4363 505 4439 R
534 4364 581 4442 E.
609 4362 864 4441 cardinalium
890 4361 1235 4464 Congregationem
