2820 5010
226 358 278 439 28.
485 377 661 430 enricum
688 378 788 428 anno
814 380 876 432 ano
899 378 1057 430 sanein.

225 554 340 628 beant
364 553 459 629 ullos
484 552 597 629 libros
615 553 753 654 legere,
769 552 902 652 quibus
928 555 1122 656 integritas
1142 555 1244 650 fidei,
1259 557 1319 631 vel

224 693 370 772 morum
387 668 528 768 puritas
551 668 657 744 sacild
681 669 869 769 corrumpi
892 682 1035 767 potest3
1060 681 1174 768 atque
1196 671 1317 769 impri-

140 785 144 791 ’
221 783 292 860 mis
309 809 357 858 ne
374 784 691 861 indiscriminatim
708 785 835 884 legant
851 785 1052 861 amatorius
1068 786 1149 860 illas
1166 785 1312 861 fabulas

223 923 318 997 quas
328 899 630 976 Novelsvocant.
664 898 885 974 Meminisse
898 899 1047 998 ipsimet
1059 898 1216 974 Fideles
1229 926 1317 975 con·

162 1080 165 1085 Α
224 1012 327 1090 tinub
343 1015 495 1109 debent,
510 1015 748 1112 quanticum
764 1014 963 1089 severitate
981 1014 1160 1090 Ecclesia
1174 1014 1316 1114 Spiritu

224 1140 359 1204 sancto
373 1129 528 1225 directa,
540 1129 711 1204 omnibus
724 1129 954 1227 temporibus
967 1129 1228 1228 proscripserit
1240 1155 1315 1205 om·

224 1240 288 1317 nia
303 1241 456 1342 scripta,
471 1268 556 1340 quae
580 1242 625 1318 ed
641 1242 800 1317 tendunt
816 1255 858 1318 ut
875 1243 1012 1342 aliquid
1037 1243 1084 1317 de
1103 1245 1246 1318 summi
1262 1269 1316 1318 re-

225 1357 390 1433 verentii
413 1356 659 1433 sanctissimae
682 1369 822 1432 nostrae
846 1356 1037 1458 Religioni
1057 1357 1181 1433 debiti
1197 1360 1315 1433 detra

226 1470 326 1547 hant.

473 1748 513 1800 1⁰·
539 1756 588 1807 DE
614 1756 761 1806 braama
785 1755 1063 1806 muanromsun

272 1931 606 2008 Ancmmrscorus
636 1943 675 2005 et
703 1931 886 2030 Episcopi
914 1931 1111 2030 injungunt
1140 1930 1313 2007 omnibus

226 2046 497 2124 Sacerdotibus
515 2047 578 2146 qui
594 2048 633 2121 in
649 2046 815 2145 ipsorum
832 2044 1071 2121 Dioecesibus
1090 2069 1241 2120 sacrum
1257 2070 1316 2120 ex-

225 2173 356 2236 ercent
384 2161 647 2255 Ministerium,
671 2173 713 2237 ut
737 2160 975 2236 Poenitentiae
1000 2171 1038 2234 et
1068 2159 1318 2235 Eucharistiae

225 2289 464 2385 sacramenta
479 2301 556 2352 non
573 2275 834 2351 administrent
850 2274 894 2349 iis
912 2274 975 2372 qui
992 2273 1136 2373 publice
1159 2299 1317 2373 cognos-

225 2401 362 2466 cuntur
382 2391 572 2490 pertinere
596 2391 646 2466 ad
662 2389 885 2465 societatem
909 2388 1132 2463 Liberorum
1148 2387 1317 2464 Murato

220 2528 319 2601 rum,
342 2504 414 2580 nisi
438 2504 593 2604 positive
617 2503 835 2605 promittant
858 2528 901 2578 se
926 2527 1002 2577 non
1019 2500 1175 2601 amplibs
1199 2503 1317 2579 aditu-

224 2641 288 2693 ros
314 2643 400 2694 esse
415 2619 570 2694 ¹iliorum
600 2629 807 2694 conventus
834 2617 1316 2718 (Lodges),necunqua1u

224 2733 461 2834 professuros
475 2759 518 2809 se
531 2734 581 2809 ad
593 2732 674 2808 ilias
687 2733 891 2808 societates
902 2732 977 2807 ullo
990 2733 1105 2808 modo
1119 2733 1315 2830 pertinere.

224 2848 385 2948 Insuper
397 2849 579 2924 Pastores
593 2847 692 2945 saepb
706 2847 963 2921 admonebunt
975 2847 1154 2944 populum
1167 2847 1315 2924 fidelem

223 2963 314 3063 ipsis
339 2962 595 3057 commissum,
611 2974 653 3038 ut
669 2959 761 3035 inire
786 2958 1017 3036 consortium
1041 2986 1129 3036 cum
1146 2960 1317 3061 hujusce

223 3079 326 3156 modi
343 3078 599 3156 Societatibus
615 3075 726 3152 caute
744 3074 892 3151 devitet.

273 3311 292 3401 †
316 3306 504 3402 donnaus,
519 3305 630 3381 droit.
649 3305 751 3379 Bm.

272 3425 291 3515 †
316 3421 566 3514 Laomnnus,
582 3420 711 3521 Episc.
735 3419 892 3521 Gortyn.

272 3540 291 3630 †
315 3536 514 3631 Mrcnnau,
530 3536 658 3636 Epioe.
678 3535 829 3610 Pbt'lud.

272 3655 291 3744 t
314 3651 502 3745 domnas,
519 3651 646 3752 Epioe.
673 3651 780 3726 Bost.

272 3769 291 3858 t
315 3765 576 3860 Bananrcrus,
592 3765 719 3865 Epioe.
738 3766 856 3840 Bard.

720 4035 819 4456 Ξ
