2820 5010
397 382 400 386 ⁸
434 421 669 492 praessum,
693 421 794 472 inno
820 415 888 471 aaa
1157 397 1209 470 23

110 601 328 700 frequenter
345 610 582 692 moneantur,
598 599 660 673 cui
676 597 748 672 nisi
766 597 1012 690 satisfaciant,
1029 595 1098 670 sibi
1115 595 1206 693 ipsis

111 717 254 791 debent
286 716 471 813 imputare
496 713 595 810 quod
620 736 743 809 neque
768 711 980 786 Dominicis
1007 723 1045 783 et
1078 709 1207 783 Festis

113 830 246 904 diebus
276 827 439 903 Missam
466 826 633 919 audiant,
659 850 782 922 neque
810 827 1143 900 sacramentorum
1170 825 1208 896 in

113 944 270 1019 summis
297 943 376 1016 suis
400 941 690 1015 necessitatibus
716 941 808 1014 fiant
833 941 1044 1037 participes.
1096 937 1208 1011 Unde

113 1057 267 1154 quando
295 1081 363 1154 pro
390 1056 565 1129 mensura
591 1054 853 1152 temporalium
879 1056 1063 1128 bonorum
1092 1051 1162 1126 sibi
1189 1049 1210 1123 a

113 1171 203 1246 Deo
229 1193 513 1262 concessorum,
536 1168 585 1242 ad
611 1170 741 1243 salutis
767 1169 1011 1242 ministerium
1037 1166 1210 1240 conferre

114 1294 290 1377 renuunt,
306 1284 479 1381 adeoque
505 1295 695 1381 praecepta
721 1283 846 1356 divina
870 1295 908 1356 et
933 1280 1212 1356 Ecclesiastico

115 1423 194 1474 non
223 1398 379 1496 implent
408 1398 475 1472 sud
504 1398 624 1496 culpi,
651 1399 774 1472 sciant
803 1422 845 1471 se
875 1396 1015 1471 versari
1044 1396 1082 1469 in
1110 1404 1212 1468 statu

116 1512 281 1612 peccati,
296 1512 470 1610 indignos
488 1537 575 1586 esse
592 1512 908 1587 reconciliationis
930 1512 967 1584 in
985 1508 1214 1608 poenitentiae

117 1625 292 1702 tribunali
317 1625 543 1719 obtmendae,
558 1650 681 1722 neque
707 1625 851 1700 tannim
873 1626 921 1700 de
939 1625 1016 1698 suis
1043 1621 1212 1720 peccatis

117 1741 304 1815 rationem
328 1738 417 1813 Deo
434 1740 661 1834 reddituros,
678 1741 746 1815 sed
765 1741 879 1813 etiam
896 1741 944 1814 ds
962 1738 1108 1812 illorum
1125 1758 1214 1833 pau·

118 1878 251 1953 perum
268 1853 397 1928 crassa
421 1854 640 1952 ignorantia,
657 1878 703 1928 ao
721 1854 831 1947 vitiis,
847 1854 910 1951 qui
935 1863 1088 1950 propter
1109 1850 1215 1924 ditio

118 1993 201 2045 rum
219 1967 396 2042 miseram
412 1968 696 2065 parcimoniam,
712 1969 967 2043 instructionis
990 1967 1216 2042 Christiana

118 2093 274 2157 manent
289 2080 442 2156 omnind
459 2094 644 2180 expertes.
696 2082 749 2157 Ut
765 2083 877 2181 igitur
894 2083 995 2179 quod
1019 2080 1061 2154 fit
1077 2080 1116 2153 in
1133 2079 1214 2155 aliis

118 2197 221 2271 orbis
248 2195 454 2270 Christiani
479 2196 658 2293 partibus,
675 2197 776 2294 apud
802 2221 872 2270 nos
898 2220 1048 2293 quoque
1072 2194 1216 2269 initium

119 2309 272 2403 habeat,
289 2309 371 2407 jam
397 2308 566 2407 superius
593 2311 641 2384 de
666 2311 854 2385 Fidelium
880 2307 1129 2384 oblationibus
1154 2308 1217 2382 ali·

119 2424 223 2523 quod
241 2434 424 2498 statutum
440 2424 521 2518 fuit,
533 2448 580 2498 ac
598 2436 727 2499 cetera
740 2450 825 2522 quse
841 2426 913 2499 hac
932 2426 980 2500 de
994 2449 1035 2498 re
1053 2423 1217 2499 dicenda

120 2549 209 2612 sunt
221 2537 459 2636 adjungimus
472 2539 510 2611 in
524 2539 770 2613 instructione
785 2565 868 2636 quae
878 2564 966 2614 cum
980 2539 1037 2612 his
1053 2537 1216 2613 Statutis

121 2651 232 2727 simul
247 2651 428 2746 mittetur,
445 2665 483 2725 et
501 2677 630 2726 coram
648 2654 820 2729 omnibus
838 2654 999 2753 legenda
1016 2653 1096 2726 erit.

120 2930 172 2982 Da
198 2931 442 2982 ssruttsams
460 2932 519 2983 ms
542 2933 606 2990 QUl
629 2934 804 2983 TEMPORE
829 2934 1010 2984 ruscum
1032 2933 1218 2983 POENITEN·

165 3046 236 3095 TIAE
256 3045 302 3096 ΕΤ
321 3046 582 3096 EUCHARISTIAE
603 3048 848 3097 sacramanta
867 3049 944 3098 Non
962 3015 1192 3098 asculana

170 3224 230 3295 24.
258 3220 405 3296 Norunt
435 3235 494 3297 est
528 3224 723 3297 decretum
754 3223 902 3298 concilii
935 3224 1220 3317 Lateranensis,

127 3335 263 3410 Omnis
287 3338 490 3435 utriusque
515 3338 641 3432 seras,
658 3364 734 3435 quo
760 3338 973 3436 praecipitur
994 3337 1218 3413 Christianis

122 3450 314 3525 consessio
327 3464 366 3524 st
377 3452 592 3525 communio
605 3476 730 3527 annua
743 3453 846 3527 circa
855 3464 1003 3550 tempus
1018 3452 1221 3547 Paschale,

122 3577 162 3639 et
188 3566 403 3641 decernitur
428 3579 562 3641 contra
579 3592 647 3642 eos
665 3569 727 3665 qui
746 3569 916 3643 Decreto
934 3593 1011 3643 non
1029 3570 1219 3666 obtempe-

122 3690 220 3773 rant,
228 3691 273 3753 at
285 3680 362 3754 cici
371 3681 420 3754 ab
433 3681 608 3764 Ecclesia
618 3697 837 3776 arceantur,
847 3685 991 3757 mortui
1001 3681 1086 3757 card
1100 3683 1221 3781 scpul-

123 3793 212 3867 tard
235 3793 511 3869 Ecclesiasticti
536 3810 704 3869 careant.
757 3797 939 3871 Pastores
957 3822 1005 3871 ne
1029 3796 1221 3896 negligant

123 3907 278 4006 singulis
299 3909 407 3981 annis
434 3909 544 4006 hujus
563 3910 707 3983 decreti
732 3912 951 3985 memoriam
976 3937 1169 4006 revocare,
1182 3924 1221 3986 et

124 4022 320 4119 siquando
334 4025 534 4122 contigerit
552 4025 765 4122 quempiam
783 4024 803 4100 ὲ
822 4027 912 4099 vivis
927 4027 1124 4101 discedere
1139 4028 1220 4102 sine

124 4138 197 4213 ulla
221 4139 450 4236 poenitentiae
471 4140 757 4239 significatione,
774 4142 836 4238 qui
858 4151 935 4214 tam
957 4141 1111 4216 salutari
1132 4169 1222 4241 praL

126 4264 240 4350 cepto
270 4277 414 4326 morem
440 4279 516 4327 non
543 4255 672 4352 gessit,
697 4255 785 4328 nihil
813 4255 953 4330 temere
980 4270 1147 4332 statuant
1173 4261 1220 4333 do

127 4367 321 4466 sepultura
329 4368 542 4443 Christiani
556 4370 626 4467 ipsi
639 4371 762 4445 danda
776 4371 832 4443 vel
850 4373 1032 4470 negandi,
1046 4375 1221 4469 quoniam
