2820 5010
540 412 794 467 raovrucmnn
824 414 872 467 rr.
916 472 929 489 ἱ
1186 393 1257 467 183

158 588 217 667 dio
242 587 346 667 verbi
371 587 393 664 d
416 589 668 666 Missionariis
693 590 833 666 nostris
859 591 1046 683 subaetae3
1073 589 1257 691 panisque

158 704 258 780 verbi
275 705 352 780 Dei
368 703 530 804 parvulis
547 704 751 781 innumeris
765 728 833 805 per
849 703 1024 804 regiones
1042 705 1160 780 hasce
1173 731 1259 780 nos·

157 831 232 894 uas
252 817 485 894 vastissimas
501 817 694 920 dispersis,
707 820 769 916 qui
786 818 890 893 illum
905 819 1109 895 diutissime
1122 819 1260 894 frustra

154 934 354 1031 petierant,
376 933 534 1009 tandem
559 933 760 1031 aliquandd
785 934 929 1008 fractus
954 945 994 1008 et
1019 934 1258 1026 distributum

154 1046 312 1147 Religio
326 1059 462 1123 saneta
475 1047 496 1121 d
508 1047 705 1123 calumniis
721 1047 958 1122 inimicorum
971 1047 1172 1140 vindicata,
1185 1048 1260 1147 pie

152 1173 214 1239 tas
239 1160 339 1236 iuter
361 1161 594 1236 domesticos
617 1159 707 1236 fidei
731 1160 970 1235 missionibus
994 1161 1260 1259 spiritualibus·

151 1299 229 1373 que
247 1275 438 1351 exercitiis
454 1274 628 1351 rediviva
681 1275 872 1374 Supremo
888 1276 1074 1351 bonorum
1092 1277 1260 1351 omnium

150 1391 293 1467 Datori
322 1391 406 1468 haee
436 1390 566 1467 omnia
593 1391 726 1490 procul
757 1392 870 1467 dubio
899 1392 1117 1485 tribuenda;
1146 1416 1259 1466 omne

151 1529 320 1603 namque
338 1507 468 1581 datum
490 1505 674 1605 optimum
695 1518 735 1581 et
755 1531 868 1580 omne
887 1507 1027 1581 donum
1048 1506 1260 1604 perfectum

156 1619 358 1696 desursdm
375 1632 452 1696 est:
478 1622 548 1696 sed
565 1623 656 1697 dum
672 1620 724 1695 illi
742 1620 880 1720 gratias
899 1621 1093 1695 habendas
1112 1632 1151 1696 et
1167 1622 1260 1696 rele-

153 1734 294 1810 rendas
309 1735 542 1833 profitemur,
556 1735 771 1835 gratiasque
790 1735 976 1809 humiliter
989 1734 1134 1834 agimus
1152 1760 1261 1835 prop

154 1860 215 1923 ter
243 1873 421 1948 magnam
446 1849 604 1949 gloriam
630 1874 752 1944 suam,
776 1850 881 1924 vobis
909 1849 1087 1925 ministris
1117 1850 1261 1950 providi

157 1986 249 2062 erga
269 1987 342 2037 nos
359 1963 507 2039 consilii
530 1963 600 2057 sui,
617 1965 757 2063 gratias
776 1975 815 2038 et
835 1964 975 2039 habere
993 1976 1033 2039 et
1052 1965 1193 2039 referre
1210 1964 1260 2040 ad

155 2078 339 2176 majorem
357 2075 516 2177 gloriam
534 2078 615 2177 ejus
630 2090 669 2152 et
686 2103 927 2153 communem
943 2078 1133 2154 Fidelium
1150 2079 1262 2155 aedifi·

156 2190 362 2285 oationem,
382 2202 554 2266 nostrum
578 2216 665 2266 esse
686 2192 921 2267 eonfitemur.
974 2192 1261 2269 Sincerissimas

157 2306 426 2406 plurimasque,
439 2305 609 2404 quamvis
626 2307 820 2381 beneficiis
838 2307 1015 2405 impares,
1026 2309 1132 2383 vobis
1146 2309 1262 2385 omni-

136 2422 228 2497 'bus
254 2421 414 2521 mmsis,
431 2432 471 2495 et
495 2422 666 2497 solemne
693 2421 768 2497 hoo
794 2422 913 2497 nostri
938 2447 1030 2522 erga
1054 2448 1122 2496 vos
1148 2423 1262 2498 animi

159 2536 415 2613 testimonium
439 2560 488 2611 ex
511 2536 588 2610 imo
606 2536 723 2612 corde
747 2537 970 2634 proferimus
994 2536 1261 2634 mittimusque.

160 2650 251 2727 Hoc
261 2675 380 2726 unum
391 2650 589 2745 addemus,
599 2675 778 2749 magnum
793 2652 855 2727 hle
866 2651 974 2726 nobis
986 2651 1125 2726 ostium
1136 2649 1262 2726 adhuc

159 2778 345 2865 apertum,
373 2765 549 2864 regiones
579 2767 629 2841 ad
662 2791 829 2841 messem
859 2767 1069 2860 albescere,
1097 2790 1262 2840 messem

160 2880 330 2974 multam,
350 2880 544 2978 operarios
566 2892 694 2956 autem
718 2906 882 2978 paucos,
906 2892 1105 2979 sperantes
1127 2904 1208 2973 vos,
1225 2891 1265 2955 et

159 2994 369 3069 Dominum
386 2994 535 3088 messis,
552 2994 664 3070 sicuti
686 2995 843 3088 lecistis,
859 3006 1059 3095 rogaturos
1076 3005 1119 3070 ut
1140 2993 1264 3069 mittat

159 3108 355 3208 operarios
380 3108 419 3182 in
443 3134 609 3183 messem
633 3134 754 3203 suam,
771 3122 885 3207 atque
911 3109 1099 3185 Ecclesiis
1123 3108 1263 3183 nostris

159 3222 352 3299 ministros
369 3235 410 3299 et
425 3223 708 3322 dispensatores
730 3224 996 3319 Providentiae,
1011 3238 1054 3298 ut
1073 3223 1209 3318 fuistis,
1225 3224 1263 3298 in

161 3350 357 3438 posterum
374 3338 488 3413 etiam
505 3338 663 3413 futuros.

208 3499 420 3599 numos,
437 3500 498 3577 ue
515 3504 566 3576 aa
582 3499 677 3575 nan
697 3505 803 3577 1840.

666 3868 768 4293 l
