2820 5010
550 414 803 486 enovmcmnn
823 415 878 467 nv.
1190 399 1260 471 171

157 589 338 686 beantur,
352 589 509 691 potioris
527 590 623 690 juris
641 603 678 666 et
697 591 908 690 graviorum
926 617 1083 668 onerum
1100 594 1262 692 pastoris

158 727 240 779 non
256 705 431 804 negieeti
446 705 763 781 consideratione.

211 817 279 895 lv.
310 819 504 896 Dominici
536 819 795 917 festorumque
823 820 968 896 diemm
998 823 1263 900 sanctificatio

157 957 251 1011 nom
262 934 397 1011 iterim
409 947 524 1035 utque
536 933 672 1010 iterim
685 935 833 1033 populis
845 960 1036 1013 suaecurae
1048 926 1261 1014 commissis

160 1062 337 1147 pastores
355 1050 625 1126 commendare
642 1050 766 1124 modis
784 1050 957 1126 omnibus
974 1054 1173 1148 curabunt,
1185 1076 1264 1128 ver·

159 1161 200 1238 bi
227 1162 306 1239 Dei
331 1163 613 1264 praedieatione,
637 1162 904 1238 catechesibus
929 1164 1086 1264 aliisque
1113 1158 1262 1264 pietatis

158 1277 378 1354 christianae
401 1278 561 1379 publicis
586 1277 784 1354 exercitiis.
835 1277 1023 1355 Moneaut
1047 1279 1264 1379 frequenter

149 1414 254 1468 voren
270 1417 362 1468 suas
379 1393 429 1469 de
446 1392 605 1468 vitandis
624 1392 822 1491 cauponis,
834 1404 873 1466 et
889 1416 1084 1491 caupones
1101 1393 1123 1468 i
1139 1418 1264 1470 sacra·

159 1505 299 1583 mentis
321 1520 480 1583 arceam
501 1507 566 1606 qui
589 1507 799 1607 potantium
817 1531 1000 1583 excessus
1017 1508 1157 1605 fovent,
1173 1533 1264 1608 prae·

158 1620 293 1696 sertim
309 1622 443 1698 diebus
459 1621 685 1698 Dominicis.

211 1734 258 1811 V.
286 1734 387 1813 Ciun
402 1737 581 1813 immania
596 1737 781 1812 scandala
796 1762 844 1811 ex
860 1736 973 1812 nimia
988 1737 1182 1836 potatione
1195 1738 1269 1813 ori.

160 1861 286 1946 antur,
297 1850 492 1926 hortamur
508 1862 696 1950 pastores,
709 1863 748 1925 et
764 1851 992 1948 perviscera
1006 1850 1104 1927 Jesu
1122 1852 1264 1928 Christi

160 1963 601 2060 obsecramus,utomne
615 1964 779 2039 studium
793 1965 832 2038 in
844 1964 1036 2040 ebrietatis
1049 1966 1137 2041 vitio
1151 1967 1264 2042 elimi-

160 2079 291 2155 nando
307 2092 461 2179 ponant
504 2078 606 2155 Eum
623 2079 660 2154 in
677 2079 805 2174 finem,
814 2079 1044 2155 laudandum
1060 2105 1263 2158 censemus

160 2218 296 2270 eorum
309 2194 498 2271 Fidelium
508 2196 645 2290 zelum,
655 2194 719 2293 qui
732 2195 780 2268 ab
792 2193 894 2268 omni
904 2194 1049 2292 liquore
1059 2197 1206 2273 ardenti
1219 2222 1263 2272 se

161 2308 354 2404 abstinent
375 2310 425 2385 ad
450 2333 678 2384 excessuum
704 2308 913 2406 periculum
938 2309 1052 2385 tutibs
1076 2310 1265 2391 declinan-

161 2424 263 2501 dum.
316 2423 398 2508 Qui
418 2435 547 2499 autem
564 2423 697 2522 sponte
717 2423 941 2498 societatem
958 2423 1055 2499 inter
1071 2449 1114 2498 se
1134 2425 1265 2500 ineunt

162 2551 204 2615 ut
219 2539 359 2615 mutuis
377 2539 555 2614 vinutum
576 2538 757 2639 exemplis
782 2563 868 2613 sese
886 2539 1064 2637 adjuvent
1086 2563 1133 2613 ae
1157 2541 1265 2614 robe

161 2666 259 2748 rent,
287 2652 467 2753 imprimis
501 2653 681 2728 adbibere
716 2653 858 2727 debent
887 2653 1056 2728 subsidia
1088 2653 1152 2726 illa
1180 2678 1265 2751 quae

163 2763 340 2844 Christus
365 2767 553 2844 Dominus
579 2767 618 2841 in
643 2766 820 2841 Ecciesii
844 2766 1003 2864 reliquit,
1019 2767 1153 2863 quibus
1177 2767 1265 2842 vitia

163 2881 329 2958 humano
345 2883 595 2959 emendentur
612 2892 651 2956 et
667 2881 861 2956 infirmitas
880 2892 1130 2974 sustentatum
1150 2893 1264 2979 atque

160 2997 347 3093 oratione,
356 3009 682 3074 sacramentorum
694 2996 882 3094 frequenti
899 2998 1156 3095 susceptione,
1168 2999 1264 3072 aliis-

161 3137 237 3211 que
254 3113 405 3212 pietatis
427 3112 629 3205 exercitiis,
645 3112 823 3187 auxilium
845 3136 1051 3211 supernum
1071 3112 1141 3188 sibi
1163 3138 1266 3189 com·

161 3252 311 3329 parare,
322 3254 395 3305 nec
409 3227 479 3302 sibi
492 3252 564 3303 nec
580 3226 658 3301 suis
676 3226 892 3326 propositis,
904 3227 974 3301 sed
991 3226 1079 3301 Deo
1094 3228 1264 3327 sineque

161 3344 253 3420 nibil
270 3345 429 3444 prodest
445 3344 631 3418 humanus
649 3355 823 3437 conatus,
839 3342 967 3416 fidere.

212 3458 281 3535 vl.
309 3459 408 3535 Oitm
438 3469 591 3534 constet
624 3457 783 3555 publicae
811 3457 1047 3533 educationis
1081 3458 1265 3534 rationem

160 3573 352 3675 plerisque
368 3574 407 3648 in
432 3573 490 3648 his
516 3572 728 3648 Provinciis
745 3573 799 3647 ita
814 3572 909 3667 iniri,
924 3584 967 3648 ut
990 3573 1194 3649 haeresibus
1215 3574 1267 3649 in-

160 3688 315 3782 serviat,
323 3712 528 3786 puerorum
540 3686 816 3762 catholicorum
829 3687 1017 3762 mentibus
1031 3688 1171 3763 sensim
1185 3689 1266 3764 sine

161 3826 279 3879 sensu
304 3801 409 3878 falsis
440 3813 633 3877 sectarum
663 3801 852 3899 principiis
880 3801 1045 3897 imbutis,
1068 3828 1266 3879 monemus

161 3928 337 4017 pastores
351 3927 393 3991 ut
407 3916 509 3991 omni
523 3940 598 4012 quo
612 3914 738 3989 valent
750 3915 877 3989 studio
891 3916 1165 3992 catholicorum
1179 3943 1268 4016 pue

160 4057 289 4108 rorum
316 4031 531 4106 christianae
557 4042 596 4104 et
622 4030 822 4105 catholicae
849 4030 1067 4105 educationi
1089 4032 1269 4131 prospici·

157 4158 236 4240 ant
253 4158 293 4221 et
310 4145 510 4245 diligenter
526 4144 719 4244 invigilent
735 4169 784 4219 ne
802 4143 976 4218 versione
997 4148 1267 4243 protestantici

157 4261 357 4338 bibliorum
380 4272 546 4355 utantur,
569 4261 628 4336 vel
641 4271 843 4336 *sectarum
868 4258 1020 4335 cantica
1042 4271 1108 4335 aut
1131 4286 1266 4360 preces

159 4377 331 4453 recitent
366 4374 461 4453 Ideb
474 4375 743 4474 invigilandum
757 4374 839 4469 erit,
851 4399 900 4450 ne
917 4373 955 4449 in
973 4374 1145 4473 publicas
1158 4376 1268 4450 sebo-
