2820 5010
164 420 214 491 64
451 441 661 492 coucrmuu
688 441 974 493 anarruosausa

164 616 305 690 deratae
329 614 565 713 Reipublicae
589 615 804 715 funguntur,
821 617 870 692 ad
895 630 1025 694 nutum
1051 618 1262 720 Episcopo

162 754 244 804 rum
262 729 478 804 amoribiles
493 755 578 804 esse
596 733 644 805 ab
662 730 849 805 Ecclesiis
868 744 906 805 et
919 731 1166 809 Missionibus
1185 735 1261 832 qui·

160 845 231 920 bus
250 843 461 918 inserviunt.
514 845 824 919 Consentaneum
842 846 1015 921 Concilio
1034 846 1260 923 Tridentino

161 970 221 1032 est
246 958 368 1056 (Sess.
386 962 448 1051 23,
466 958 561 1055 Cap.
587 962 632 1031 16
658 959 707 1033 de
732 959 837 1056 Rei.)
854 972 896 1033 ut
922 959 1158 1036 Sacerdotes
1183 988 1259 1038 non

160 1072 379 1147 ordinentur
403 1072 473 1146 nisi
498 1072 760 1147 adscribantur
777 1073 965 1148 Ecclesiae
990 1087 1056 1149 aut
1072 1076 1135 1174 pio
1160 1079 1259 1171 loco,

160 1186 228 1286 pro
247 1188 354 1285 cujus
371 1186 601 1261 necessitate
618 1199 684 1261 aut
705 1188 862 1262 utilitate
880 1203 1131 1265 assumuntur.
1185 1193 1258 1266 Ge-

158 1302 318 1376 neratim
343 1301 534 1396 Ecclesia,
555 1301 617 1376 cui
642 1301 875 1377 Sacerdotes
900 1304 1079 1378 inservire
1106 1307 1257 1401 debent,

159 1428 219 1490 est
243 1415 432 1490 Dioecesis
450 1416 499 1489 ad
525 1439 637 1512 quarn
658 1415 857 1512 pertinent,
881 1417 919 1491 in
937 1419 1065 1517 specie
1082 1420 1170 1496 verd
1197 1434 1256 1494 est

158 1530 266 1605 locus
284 1528 346 1603 ille
364 1529 425 1603 cui
443 1528 658 1627 Episcopus
672 1554 739 1603 eos
755 1530 928 1605 destinat.
973 1531 1153 1629 Synodus
1173 1535 1256 1608 Bul·

158 1644 370 1719 timorensis
389 1644 487 1718 hanc
505 1643 809 1719 amovibilitatem
826 1646 876 1719 ad
896 1659 1028 1720 nutum
1046 1646 1255 1746 Episcopo

157 1785 241 1834 rum
271 1758 425 1832 deducit
454 1783 501 1832 ex
526 1758 685 1832 solemni
710 1759 933 1834 obedientiae
962 1761 1210 1858 promissione
1235 1764 1255 1836 ὲ

159 1872 433 1948 Sacerdotibus
454 1873 554 1947 sacti
578 1872 780 1970 Episcopis
798 1873 884 1948 cbm
902 1874 1063 1949 ordinati
1088 1889 1190 1970 sunt,
1206 1890 1256 1950 at·

158 2012 232 2085 que
257 1987 397 2062 idcirco
422 1986 460 2059 in
486 1986 605 2084 primo
623 1987 686 2060 illo
712 1986 881 2062 Decreto
908 1988 1095 2082 statuitur,
1111 1992 1150 2064 oi
1165 2016 1255 2091 pro

156 2103 355 2177 cuononis
372 2103 415 2174 iu
437 2101 688 2175 ordinatione
706 2104 868 2195 emissae,
885 2128 950 2177 eos
968 2105 1091 2177 teneri
1107 2106 1161 2178 cd
1177 2106 1256 2179 obe-

157 2217 339 2291 diendum
364 2216 556 2315 Episcopo
566 2218 814 2315 praecipienti
829 2229 874 2291 ut
891 2219 1045 2292 cuilibet
1067 2218 1255 2294 Missiom‘

155 2333 263 2405 intra
279 2331 485 2404 Dioeccsim
509 2354 623 2403 suam
646 2342 792 2404 vacent.
843 2330 905 2404 De
932 2331 1005 2406 hac
1031 2332 1255 2408 obedientiae

158 2445 404 2544 promissione
447 2444 678 2518 Benedictus
721 2445 817 2519 XIV
851 2470 1065 2520 sermonem
1108 2447 1252 2522 habens

157 2558 334 2657 (Constit.
353 2562 415 2650 25,
432 2557 543 2630 Tom.
562 2562 587 2630 2
610 2558 765 2632 Bullarii
789 2559 866 2634 sui:
892 2559 956 2633 Ex
972 2586 1048 2658 quo
1066 2561 1255 2658 dilectus.)

157 2674 238 2748 haec
257 2673 386 2746 habet:
412 2671 577 2768 “Neque
603 2696 673 2745 nos
691 2697 759 2769 pro
776 2674 876 2747 nudi
900 2673 1074 2770 inanique
1096 2674 1254 2749 formula

156 2787 369 2863 habendam
387 2810 472 2859 esse
491 2799 666 2882 putamus
684 2787 892 2861 solemnem
910 2787 1012 2861 illam
1030 2789 1253 2864 obedientie

155 2914 194 2978 et
219 2901 437 2976 reverentiae
462 2900 717 2997 sponsionem,
735 2925 847 2998 quom
873 2902 1079 2999 Presbyter
1103 2901 1196 2977 facit
1215 2905 1252 2977 in

155 3015 325 3091 manibus
357 3013 540 3113 Episcopi
574 3013 791 3109 ordinantis,
814 3016 924 3113 juxta
959 3015 1252 3092 vetustissimum
1333 3030 1336 3036 '

154 3129 343 3205 Ecclesioe
375 3153 536 3203 morem:
575 3128 776 3226 quinimmo
810 3130 969 3204 libenter
1010 3130 1251 3228 agnoscimus

154 3244 423 3342 Presbyterum
441 3245 655 3342 hujusmodi
675 3244 932 3341 promissionis
950 3244 1089 3342 vigore,
1106 3247 1150 3318 ed
1167 3246 1251 3345 lege

152 3359 249 3433 inter
274 3358 366 3432 abas
393 3357 614 3432 adstrictum
639 3357 759 3431 teneri
780 3369 821 3431 ut
839 3357 859 3430 a
876 3357 1024 3431 servitio
1051 3358 1252 3452 Ecclesiae,

154 3472 215 3547 cui
232 3472 269 3546 in
287 3471 520 3545 ordinatione
538 3471 712 3545 addictus
733 3471 855 3565 fuerit,
873 3471 1069 3546 discedere
1086 3485 1251 3570 nequent

154 3585 234 3660 sine
262 3584 411 3660 licentii
438 3584 657 3682 Episcopi.”
707 3586 805 3660 Haec
831 3583 917 3660 clim
943 3585 996 3660 ita
1020 3586 1106 3679 sint,
1129 3587 1248 3661 visum

153 3712 212 3775 est
241 3699 282 3773 S.
303 3698 597 3797 Congregationi
627 3699 843 3797 Episcopus
873 3700 1170 3775 Baltimorenses
1201 3700 1249 3774 de

151 3812 363 3889 obedientid
387 3811 448 3885 illia
472 3813 669 3908 loquentes
696 3813 853 3913 graviori
880 3813 994 3888 modo
1018 3814 1120 3888 illam
1137 3814 1250 3912 expli-

152 3953 263 4005 casse
281 3952 327 4001 ac
346 3927 578 4001 Benedictus
592 3926 688 4001 XIV
701 3928 801 4002 fecit.
837 3927 937 4002 Num
951 3928 1247 4026 sapientissimus

150 4044 212 4118 ille
237 4041 414 4117 Pontifex
435 4040 630 4115 affirmavit
654 4042 878 4116 obedientiae
903 4042 1189 4140 promissionem
1211 4042 1249 4117 il·

106 4146 108 4150 Α
151 4159 226 4233 lam
245 4156 394 4230 efficere
420 4167 461 4229 ut
480 4156 673 4231 Sacerdos
692 4156 772 4230 sine
799 4156 982 4254 Episcopi
1008 4157 1158 4231 licentii
1177 4157 1249 4231 dis·

151 4272 290 4349 cedere
300 4282 464 4366 nequeat
481 4271 529 4345 ob
541 4271 729 4365 Ecclesia,
741 4271 802 4347 cui
819 4271 856 4347 in
875 4270 1109 4346 ordinatione
1123 4271 1248 4347 addic-

151 4401 213 4463 tus
243 4399 320 4479 est3
356 4383 536 4485 Synodus
566 4384 653 4460 verb
681 4384 966 4462 Baltimorensis
1003 4385 1185 4480 decemit,
1210 4386 1250 4461 oi
