2820 5010
610 356 840 408 mnemon.
1227 335 1274 407 41

178 532 318 629 gratias
335 532 583 632 amplissimas
608 533 761 607 Revffio
787 531 1067 627 Baltimorensi‚
1082 533 1274 631 Delegato

182 646 295 721 Sedis
322 648 569 745 Apostolicoe,
586 647 674 746 egit,
697 647 807 742 eique
834 658 873 721 et
898 647 1072 722 omnibus
1099 646 1148 722 de
1176 647 1276 722 Con·

179 759 266 835 cilio
280 762 328 835 ad
347 773 424 835 tam
441 761 591 836 felicem
603 761 742 836 exitum
760 761 957 861 perdocte,
969 761 1092 836 verbis
1109 760 1278 860 gravissi-

179 872 263 967 mis,
279 886 319 948 et
342 875 392 948 ad
418 874 713 949 commovendos
740 873 886 947 animos
911 873 1128 971 aptissimis,
1152 886 1275 975 gratu-

180 986 279 1060 latus
314 1000 383 1062 est.
452 987 626 1061 Revffius
662 999 701 1061 et
734 986 867 1060 Illfnus
900 987 950 1061 D.
984 986 1273 1063 Baltimorensis

181 1128 295 1197 quum
320 1103 355 1177 ei
379 1102 610 1200 respondere
635 1102 760 1195 vellet,
775 1101 950 1199 lacrymis
976 1126 1189 1177 sermonem
1214 1104 1277 1177 alr

179 1239 354 1314 rumpere
372 1228 530 1291 coactus
548 1226 617 1289 est.

228 1328 402 1404 Revr‘frus
420 1329 624 1403 Promotor
640 1340 731 1403 tunc
749 1329 855 1427 petiit
879 1329 993 1404 finem
1018 1330 1193 1406 Concilio
1210 1329 1274 1405 im-

179 1443 289 1540 poni:
322 1442 496 1517 Rerffius
522 1455 649 1517 autem
675 1442 932 1541 Archipraesul
955 1443 1093 1519 Patres
1118 1443 1273 1518 interro-

181 1557 300 1656 gavit:
332 1557 572 1631 Venerabiles
597 1557 768 1651 fratrer,
785 1559 966 1657 placetne
990 1559 1109 1652 vobis,
1126 1559 1179 1633 ad
1200 1558 1278 1632 Dei

182 1673 456 1771 omnipotentis
473 1672 635 1764 landem,
651 1672 768 1770 hujus
790 1672 955 1746 concilii
972 1672 1277 1769 Plenorr'iflnem

168 1789 260 1884 jam
279 1785 407 1882 fleri?
458 1784 795 1881 Respondentibus
829 1784 998 1885 singulis,
1023 1786 1186 1876 Placet;
1219 1785 1274 1859 ito

181 1910 406 1998 prosecutus
425 1911 484 1972 est
502 1898 761 1973 Secreterius:

229 2015 317 2088 Nos
340 2013 577 2086 Franciscus
598 2012 805 2105 Petrinus,
819 2011 1139 2113 Archicpiscopuo
1156 2011 1265 2087 Bam·
1401 2076 1406 2085 .

180 2128 383 2220 morensis,
401 2127 511 2200 Sedis
535 2125 766 2225 Apostolicae
790 2125 1017 2225 Delegawe,
1033 2128 1176 2224 aliique
1200 2126 1277 2200 Po-

181 2253 260 2316 tres
278 2243 345 2339 qui
360 2241 451 2314 huic
481 2240 654 2313 Concilio
680 2239 865 2314 Plenario
889 2240 1139 2333 intersumus,
1157 2264 1277 2338 quum

182 2357 361 2430 absoluta
376 2357 456 2429 sint
473 2380 558 2452 qoae
568 2379 645 2452 pro
664 2355 846 2453 temporis
862 2355 1015 2429 ratione
1031 2354 1101 2454 ogi
1113 2356 1276 2454 gerique

174 2495 293 2570 porse
318 2470 557 2561 videbamur,
574 2492 765 2566 quumque
782 2470 998 2566 postor-olio
1015 2493 1113 2541 curo
1128 2469 1181 2541 od
1203 2468 1277 2542 Ec·

183 2585 389 2659 clesiorum
413 2594 637 2656 nostrornm
661 2592 787 2655 statue
812 2591 849 2654 et
874 2582 1096 2679 pastorales
1119 2582 1276 2681 vigiliae

180 2709 343 2794 revocet,
360 2707 570 2795 propterca
591 2696 681 2769 lruic
707 2705 843 2768 sancto
874 2696 1047 2770 Concilio
1059 2694 1186 2791 finem
1209 2696 1277 2768 im-

175 2813 276 2911 poni
292 2812 524 2885 censuimus.

229 2926 302 3000 His
337 2923 513 3022 peractis,
546 2935 584 2996 et
618 2922 801 2997 stantibus
836 2922 1021 3017 omnibuS,
1044 2924 1156 2998 foetae
1189 2934 1277 2997 sunt

183 3037 502 3115 AcclamationeS.

404 3308 1054 3386 AOCLAMATIONES.

230 3498 546 3573 Archidiaconns.
583 3495 686 3595 Regi
711 3497 926 3573 seculorum
951 3495 1163 3590 immortali,
1188 3495 1280 3569 Om-

182 3611 365 3712 nipotenti
381 3609 513 3703 ΠΕΟ,
530 3609 779 3708 sempiternus
797 3609 919 3686 honor
937 3622 975 3684 et
992 3621 1133 3684 retorna
1150 3610 1278 3708 glorie

237 3728 396 3801 Chorus.
432 3724 580 3822 Dignus
606 3736 663 3797 est
689 3724 877 3799 Dominus
903 3724 1012 3799 Deus
1030 3735 1159 3798 noster
1184 3723 1281 3798 acci-

183 3865 273 3940 pere
288 3839 455 3938 gloriam,
466 3852 505 3911 et
521 3837 717 3931 honorem,
728 3850 766 3912 et
779 3837 1082 3913 benedictionem
1099 3837 1137 3912 in
1151 3838 1282 3912 secula

149 3938 174 4105 ί
183 3954 408 4028 seculorum.

233 4068 386 4142 Arenio.
424 4064 685 4140 Sanctissimae
703 4078 742 4139 et
758 4065 1018 4141 Immaculotae
1035 4063 1190 4163 Virgini,
1207 4064 1283 4139 Dei

182 4178 352 4279 genitrici
385 4177 542 4271 Momm,
566 4177 788 4272 reverentia,
812 4178 907 4272 loos,
931 4189 970 4251 et
1003 4175 1171 4276 piissimo
1204 4202 1284 4277 gro-

178 4281 330 4355 tulatio.

335 4398 357 4465 6
