2820 5010
206 406 277 476 140
488 425 699 475 concinunt
726 424 1017 476 asnrruonsnsa

204 615 372 677 tractans
398 626 509 676 usum
535 612 607 696 ast,
632 600 822 677 videlicet:
854 601 898 676 si
924 626 1038 701 pam
1066 601 1316 677 clericorum

203 718 264 792 vel
278 717 502 811 Lnicorum,
518 729 588 792 etc.

252 830 428 928 Denique
454 831 557 929 quod
582 831 745 929 pertinet
769 831 819 905 ad
844 830 1056 906 Decretum
1081 841 1252 925 sextum,
1274 830 1313 904 in

204 969 280 1043 quo
297 970 424 1019 sermo
441 957 501 1020 est
518 945 567 1019 de
585 944 710 1021 causis
732 944 1018 1020 Ecclesiasticis
1036 945 1086 1019 ad
1106 944 1235 1020 civilia
1252 944 1313 1018 tri·

203 1059 356 1134 bunalia
381 1084 458 1134 non
486 1058 734 1153 deducendis,
757 1057 799 1132 S.
825 1058 1084 1159 congregatio
1110 1058 1313 1133 immutan-

204 1174 295 1249 dmn
325 1199 411 1249 esse
441 1173 653 1250 Decretum
682 1173 772 1248 illud
795 1173 993 1271 judicarit,
1022 1173 1199 1249 babendo
1231 1197 1312 1272 praa

204 1288 324 1364 oculis
339 1313 423 1386 quas
440 1288 501 1363 hle
514 1287 732 1382 afferuntur,
743 1287 902 1383 scilicet,
914 1287 947 1362 si
964 1287 1138 1363 Clericus
1151 1299 1312 1363 conten

204 1401 271 1478 dat
287 1403 389 1501 apud
409 1403 560 1502 judices
579 1401 794 1496 seculares,
810 1412 849 1476 et
865 1401 1073 1501 prasertim
1094 1402 1311 1497 haereticos,

205 1542 292 1592 cum
320 1517 393 1591 alio
421 1516 587 1611 Clerico,
614 1517 662 1591 de
692 1540 734 1590 ra
758 1516 853 1616 juris
883 1514 1014 1592 atr-icta*
1042 1515 1310 1611 ecclesiastici,

205 1630 307 1706 recte
327 1630 508 1729 Synodus
526 1630 657 1705 statuit
676 1629 730 1705 ita
746 1642 904 1730 agentes
925 1629 964 1704 in
981 1652 1164 1706 censuras
1182 1629 1205 1704 i
1221 1630 1309 1730 jure

206 1746 302 1821 latas
327 1747 529 1822 incurrere.
580 1746 628 1820 In
651 1745 777 1821 causis
803 1759 931 1820 tamen
951 1746 1089 1840 mixtis,
1110 1745 1148 1821 in
1172 1746 1308 1844 quibus

206 1858 382 1936 videlicet
394 1884 567 1959 personae
580 1872 666 1936 sunt
685 1859 982 1954 Ecclesiasticus,
994 1860 1064 1935 sed
1080 1884 1157 1954 ras,
1170 1860 1220 1935 de
1233 1860 1310 1958 qui
1334 1850 1338 1857 ’

206 1977 278 2051 bns
292 1975 550 2051 controversia
563 1988 635 2070 est,
646 1974 876 2073 temporales
890 1986 955 2050 aut
971 1975 1186 2071 familiares,
1197 1975 1309 2075 pauld

208 2089 332 2165 mitids
349 2089 371 2163 a
388 2089 547 2188 Synodo
562 2089 716 2166 decerni
733 2090 861 2185 debet,
872 2089 1080 2189 prasertim
1097 2090 1136 2165 in
1152 2090 1310 2191 regioni-

207 2204 279 2279 bus
304 2204 499 2302 inquibus
524 2204 640 2280 civilis
665 2215 837 2303 potestas
858 2205 959 2303 apud
985 2205 1209 2281 Catholicos
1232 2230 1310 2281 non

208 2331 281 2413 est,
298 2331 337 2394 et
362 2319 425 2395 ubi
447 2320 584 2394 modus
602 2318 724 2414 deest,
741 2344 809 2394 seu
826 2319 882 2394 vis
908 2319 1185 2395 Ecclesiastica
1201 2344 1312 2413 coac·

208 2432 296 2528 tiva,
312 2434 362 2508 ad
387 2458 466 2508 rem
485 2458 592 2507 suam
610 2434 901 2528 defendendam,
917 2434 976 2508 vel
998 2434 1311 2532 recuperandam,

209 2548 280 2623 nisi
297 2548 418 2625 civilia
434 2549 632 2624 tribunalia
649 2549 842 2623 adeantur.

260 2664 357 2739 Hae
373 2676 460 2738 sunt
473 2690 557 2762 quae
571 2664 612 2738 S.
628 2663 886 2763 Congregatio
901 2664 952 2738 R.
968 2664 1012 2739 P.
1027 2665 1077 2739 Ι).
1092 2665 1308 2764 Archiepis·

210 2802 310 2876 copo
331 2778 596 2853 Baltimorensi
618 2777 950 2852 animadvertenda
973 2779 1161 2876 proponit,
1177 2792 1232 2874 ut,
1249 2803 1309 2853 an·

210 2892 361 2990 tequam
390 2892 561 2967 Decreta
591 2892 738 2990 Synodi
772 2891 1017 2967 provincialis
1047 2893 1196 2991 publicd
1224 2895 1310 2969 luce

211 3005 410 3101 donentur,
422 3007 460 3081 in
477 3006 572 3083 locis
586 3032 669 3104 quae
687 3007 897 3105 significata
913 3020 1001 3082 sunt
1018 3009 1217 3084 immutare
1233 3033 1309 3085 non

61 3180 63 3185 ,
212 3121 378 3213 omittat,
403 3120 441 3194 id
464 3122 580 3219 quod,
597 3144 665 3218 pro
683 3120 860 3220 singulari
882 3122 1056 3221 suderge
1080 3122 1310 3222 S.·Congre

213 3234 402 3334 gationem
423 3235 544 3333 ipsam
561 3234 809 3329 observantia,
825 3235 925 3310 illum
947 3235 1106 3311 libenter
1122 3235 1310 3312 facturum

212 3372 299 3423 esse
317 3362 464 3424 certum
481 3349 607 3425 habet.

262 3462 406 3539 Datum
431 3463 570 3537 Βθπῖω
595 3488 642 3538 ex
667 3462 830 3538 AEdibus
856 3464 897 3538 S.
918 3465 1237 3565 Congregationis
1262 3468 1308 3542 de

213 3575 465 3677 Propagandi
481 3576 592 3671 Fide,
609 3576 669 3652 die
686 3581 712 3650 2
730 3577 965 3676 Septembris
986 3583 1091 3655 1837.

566 3690 614 3764 A.
632 3690 778 3786 Marus,
795 3693 832 3766 S.
856 3694 895 3766 0.
915 3693 962 3768 P.
981 3693 1024 3768 F.
1042 3693 1067 3766 ὰ
1085 3695 1260 3771 Sacratis.

265 3804 413 3903 Synodi
430 3803 676 3879 Prouincialis
694 3805 830 3881 Patres
848 3808 1023 3905 praefatas
1038 3809 1079 3881 S.
1095 3810 1311 3910 Congrege-

214 3919 327 3995 tionis
356 3918 620 3994 adnotationes
646 3934 861 3996 reverenter
889 3923 1135 4017 admiserunt,
1160 3950 1313 4025 sugges

215 4045 349 4132 tasque
374 4033 653 4109 immutationes
679 4033 933 4132 libentissimi,
949 4062 1018 4136 pro
1043 4038 1222 4138 singulari
1246 4043 1312 4116 sud

215 4174 308 4249 erga
331 4150 372 4223 S.
392 4150 739 4250 congregationem
763 4151 885 4251 ipsam
902 4153 1148 4247 observantia,
1164 4153 1313 4229 inviola-

215 4264 352 4361 bilique
382 4289 474 4364 erga
503 4265 545 4339 S.
573 4264 716 4341 Sedem
747 4265 958 4343 obedientia
984 4279 1023 4343 et
1053 4269 1250 4366 obsequio,
1274 4270 1311 4346 in

216 4376 392 4454 Decretis
410 4378 591 4453 secarunt.
