2820 5010
203 382 252 453 66
487 402 698 453 coucuuuu
724 403 1013 454 ssurruonsnse

202 578 302 652 illud
315 575 340 650 ὰ
356 577 490 652 Laicis
503 590 747 678 assumptam
758 580 987 653 instituendi
1003 604 1073 654 seu
1086 580 1304 655 anassem·

202 692 401 766 Pastores.
444 690 608 789 Optaret
623 693 663 766 S.
681 695 939 792 Congregatio
952 695 1034 769 haec
1048 696 1163 770 verba
1174 708 1304 792 praeto

200 829 268 879 rea
278 805 447 904 adjungi:
464 806 626 881 Litteris
636 806 869 906 Apostolicis
879 821 1001 883 sanct.
1014 835 1125 883 mem.
1137 809 1206 882 Pii
1216 810 1300 883 ΡΡ.

203 919 293 1012 VH,
310 932 347 994 et
364 920 507 994 Leonis
524 920 617 1013 XII,
634 946 680 995 ac
699 922 736 995 S.
760 922 1089 1023 congregationis
1105 925 1302 1023 responsis

200 1035 446 1127 inherentes,
472 1036 543 1108 hoc
581 1047 715 1108 nostro
750 1036 916 1110 Decreta
947 1038 1203 1129 declaramus,
1231 1050 1299 1112 etc.

202 1148 263 1222 Ita
280 1148 380 1223 enim
405 1147 630 1224 luculentius
648 1150 843 1247 apparebit
862 1164 1003 1247 quanto
1024 1152 1149 1226 studio
1176 1151 1300 1225 Sedes

201 1263 427 1361 Apostolica
444 1277 584 1339 conata
601 1264 650 1337 sit
667 1263 946 1362 Episcoporum
958 1266 1046 1364 jura
1063 1278 1199 1341 contra
1216 1264 1300 1339 Lai-

201 1403 333 1453 corum
349 1379 633 1476 usurpationem
651 1379 865 1453 defendere.
910 1380 956 1454 In
974 1382 1111 1455 eodem
1128 1380 1298 1454 Decreto

200 1505 309 1567 sexto
328 1493 541 1567 declaratur
564 1494 716 1567 nudum
728 1498 801 1592 jos
824 1494 1065 1568 Patronotds
1085 1499 1300 1593 cujuscum-

199 1632 272 1705 que
293 1609 465 1707 generis,
484 1608 588 1704 quod
610 1609 715 1681 socri
739 1620 961 1708 agnuam
988 1608 1179 1701 Gonmtes,
1201 1633 1300 1682 cono

192 1731 325 1820 petere
358 1721 479 1794 alicui
505 1746 698 1820 persone,
731 1722 943 1796 Loicorum
977 1722 1300 1822 congregatim,

199 1833 446 1908 Edituorom
462 1836 587 1928 cetui,
603 1860 672 1909 seo
689 1835 779 1910 aliis
796 1837 1098 1933 quibuscamque
1116 1838 1299 1936 persortis

199 1948 244 2021 in
258 1948 331 2021 hoc
349 1948 569 2022 Provincid.
623 1948 665 2021 S.
681 1948 980 2048 congregationi
996 1949 1117 2023 visum
1135 1962 1195 2023 est
1211 1949 1299 2025 addi

200 2083 314 2158 posse
327 2086 461 2136 vocem
476 2060 662 2136 haetenus
678 2063 926 2137 declarationi
945 2088 1029 2160 quae
1041 2088 1142 2137 nunc
1159 2088 1300 2137 memo

199 2186 283 2249 rata
295 2186 370 2247 est:
388 2174 476 2250 licet
489 2175 588 2249 enim
602 2200 703 2250 nunc
718 2175 922 2275 Episcopis
934 2175 1146 2251 constiterit
1158 2175 1299 2251 nullum

192 2288 257 2387 jus
275 2289 494 2386 patronatus
513 2290 699 2387 ejusmodi
724 2291 761 2364 in
786 2290 1000 2365 Foederatis
1022 2289 1233 2365 Provinciis
1250 2290 1299 2365 ad

199 2403 401 2500 quemlibet
415 2404 614 2502 pertinere,
625 2405 763 2502 poterit
776 2405 935 2479 sortasse
951 2404 1150 2503 aliquandi
1164 2405 1203 2479 in
1215 2428 1300 2502 pos

199 2530 321 2592 terum
339 2517 560 2617 contingere
576 2530 631 2612 ut,
648 2519 762 2592 etiam
785 2519 823 2592 in
847 2519 891 2593 iis
909 2519 1137 2618 regionibus,
1148 2520 1213 2617 jus
1237 2543 1299 2617 pa-

198 2631 368 2706 tronatus
392 2632 573 2726 obtineat,
590 2633 747 2707 servatis
766 2658 850 2730 quar
873 2633 894 2706 a
918 2634 1179 2708 Sacrosancto
1199 2634 1299 2709 Con·

198 2744 284 2821 cilio
303 2746 525 2821 Tridentino
543 2758 687 2820 statuta
704 2758 792 2821 sunt
815 2747 920 2820 Sess.
940 2750 1002 2841 24,
1020 2748 1115 2846 Cap.
1134 2745 1234 2840 XII,
1260 2760 1299 2821 et

199 2861 305 2936 Sess.
323 2865 386 2955 25,
403 2861 499 2958 Cap.
517 2860 578 2935 IX
597 2863 645 2935 de
663 2861 753 2935 Res.

246 2975 293 3051 ln
307 2989 443 3051 octavo
463 2976 610 3073 Synodi
627 2975 916 3050 Baltimorensis
934 2976 1104 3051 Decreto
1123 2976 1297 3051 habetur:

197 3092 392 3167 Proesules
415 3115 605 3191 urgemus
631 3088 785 3163 omnini>
815 3093 869 3164 od
895 3092 1204 3165 interdicendum
1226 3092 1296 3165 Ec·

198 3206 356 3280 eisdam
384 3205 421 3279 in
452 3206 536 3303 qut,
562 3203 676 3277 invito
705 3203 915 3302 Episcopo,
941 3205 1135 3279 Sacerdos
1164 3204 1295 3304 aliquis

197 3343 307 3396 sacro
338 3344 493 3395 munere
524 3319 702 3418 fungitur,
732 3319 791 3393 vel
823 3320 1065 3395 facultatibus
1100 3320 1215 3395 utitur
1247 3322 1294 3394 ab

197 3434 393 3534 Episcopo
418 3435 616 3509 revocatis.
668 3433 791 3532 Optat
813 3434 854 3508 S.
876 3435 1133 3534 congregatio
1156 3435 1196 3510 in
1221 3436 1295 3511 hoc

196 3549 380 3644 Decreta,
396 3550 445 3624 ad
469 3549 641 3648 graviora
661 3551 762 3624 mala
779 3550 942 3646 vitanda,
959 3551 1177 3650 Episcopos
1199 3552 1296 3649 ejus-

196 3664 299 3739 modi
316 3664 437 3739 verbis
456 3663 522 3756 uti,
534 3687 618 3759 quae
635 3666 840 3739 ostendant
856 3679 936 3740 tum
955 3666 1106 3740 demum
1122 3666 1295 3742 interdici

197 3803 311 3878 posse
329 3777 559 3870 Ecclesiam,
575 3776 662 3852 cum
680 3792 809 3854 cetera
826 3780 952 3854 omnia
969 3780 1137 3855 remedia
1152 3779 1296 3855 inutilia

197 3919 283 3968 esse
301 3904 492 3992 appareat.

245 4008 291 4082 In
314 4032 416 4082 nono
440 4005 624 4100 Decreto,
641 4033 767 4083 sermo
789 4021 849 4084 est
872 4010 920 4085 de
942 4010 1114 4085 versione
1133 4009 1296 4109 Anglict

197 4121 329 4197 sacrae
353 4121 572 4218 Scriptura,
589 4148 672 4219 quae
694 4123 829 4199 dicitur
852 4124 1078 4200 Duacensis.
1132 4124 1174 4198 S.
1194 4125 1294 4200 Con·

195 4236 365 4338 gregatio
383 4237 487 4335 cupit
505 4238 668 4337 expungi
694 4240 808 4314 verba
832 4240 895 4314 illa
913 4242 1067 4316 Sonctoe
1093 4240 1205 4315 Sedis
1230 4265 1294 4339 op

187 4354 420 4454 probamus
437 4353 604 4427 donato:
630 4352 909 4453 diligentissime
928 4355 1027 4431 enim
1045 4354 1213 4431 institutis
1228 4354 1293 4430 hu·
