2820 5010
553 428 805 479 enovmcnns
831 430 855 479 1.
1202 409 1250 480 87

152 605 213 682 md
230 604 329 681 inter
341 627 384 680 se
398 603 537 680 dissitis
551 604 885 698 commorantibus,
896 629 973 679 non
991 603 1074 680 rard
1088 616 1253 700 centum,

153 721 418 815 ducentorum,
433 730 691 795 trecentorum
715 745 895 818 passuum
916 719 1069 794 millium
1091 720 1252 818 spatium

152 834 451 935 percurrendum
466 847 582 928 esret,
595 859 757 931 cumque
771 834 882 909 nullae
896 846 1037 928 essent,
1047 835 1104 909 vel
1118 834 1253 909 saltem

152 949 394 1048 paucissimae
410 948 612 1043 Ecclesiae,
628 948 692 1022 ubi
712 949 955 1045 baptismales
972 949 1098 1023 sontes
1116 949 1255 1046 potuis·

153 1075 240 1139 sent
252 1064 453 1163 asservari,
462 1075 742 1139 sacramentum
755 1064 929 1162 baptismi
943 1067 1039 1163 aqud
1052 1063 1255 1159 communi,

154 1176 242 1254 clun
258 1178 350 1253 illud
366 1179 455 1253 abbi
471 1178 581 1276 quam
602 1177 640 1251 in
662 1178 849 1253 Ecclesiis
867 1178 1151 1253 administrandi
1167 1202 1254 1252 sese

154 1293 272 1368 dabat
288 1293 459 1388 occasio,
471 1292 644 1368 conferre
659 1304 947 1367 consueverunt.
1000 1292 1256 1367 Circumstan-

115 1422 119 1426 ’
153 1406 215 1483 tiis
231 1432 335 1484 nunc
353 1408 488 1483 saltem
511 1407 550 1483 in
573 1418 720 1506 partem
738 1407 903 1502 mutatis,
920 1407 1116 1482 decretum
1133 1418 1193 1480 est
1215 1406 1254 1481 in

153 1520 384 1598 Pmrinciali
401 1522 562 1621 Synodo
579 1547 628 1596 ne
645 1521 683 1595 in
701 1532 909 1620 posterum,
921 1522 1080 1619 excepta
1096 1532 1254 1620 urgente

153 1636 398 1730 necessitate,
414 1638 512 1734 aqua
528 1635 720 1711 communi
738 1635 946 1733 baptismus
964 1634 1252 1709 administretur.

154 1750 352 1845 Attamen,
364 1748 451 1825 cum
463 1749 502 1825 in
515 1750 689 1825 omnibus
706 1749 947 1824 Dioecesibus
960 1749 1086 1823 adhuc
1100 1750 1254 1848 longum

154 1865 318 1964 spatium
336 1864 357 1939 d
372 1863 625 1939 Missionariis
642 1864 938 1962 percurrendum
955 1863 1016 1957 sit,
1033 1874 1073 1937 et
1091 1863 1130 1937 in
1147 1863 1255 1961 pluri-

155 1979 226 2054 bus
249 1977 466 2078 regionibus
489 1978 581 2053 nulli
604 1977 679 2052 sint
701 1978 848 2052 Fontes
871 1977 1127 2074 baptismales,
1143 1979 1255 2052 nulloe

153 2091 358 2186 Ecclesiae,
370 2091 477 2167 valde
496 2092 659 2186 difficile,
671 2115 718 2167 ac
732 2092 792 2166 vix
809 2091 987 2190 possibile
1003 2091 1254 2167 Missionariis

153 2218 259 2283 esset
275 2230 414 2305 aquam
433 2206 612 2281 Sabbatis
631 2206 778 2281 Sancto
797 2206 855 2280 vel
873 2205 1126 2281 Pentecosten
1143 2209 1256 2282 bene-

154 2320 536 2398 dictamexfontibus
550 2321 614 2395 ubi
626 2332 841 2395 asservatur
851 2321 1063 2415 desumere,
1074 2334 1113 2395 et
1123 2343 1255 2397 secum

154 2434 418 2528 circumferre,
438 2435 601 2533 ideoque
620 2434 893 2509 Slncrrmrmu
909 2459 1083 2509 vasrauu
1100 2460 1255 2533 prccan-

153 2561 216 2625 tur
233 2549 558 2647 Archiepiscopus
580 2563 619 2623 et
640 2549 824 2646 Episcopi
846 2549 1026 2647 praedicti,
1042 2562 1084 2625 ut
1100 2551 1255 2626 saculta·

155 2675 234 2738 tem
256 2662 509 2739 Missionariis
533 2663 644 2762 hujus
668 2663 831 2763 regionis
850 2664 1063 2739 concedere
1081 2664 1256 2762 dignetur

154 2777 408 2853 benedicendi
424 2801 562 2875 aquam
585 2777 858 2875 Baptismalem
880 2779 924 2852 ed
942 2778 1102 2853 breviori
1119 2778 1255 2853 sormu-

155 2890 202 2987 lt,
221 2893 296 2989 qud
316 2891 568 2966 Missionariis
592 2891 778 2965 Peruanis
801 2892 902 2990 apud
928 2890 1046 2966 Indos
1074 2891 1253 2967 Summus

156 3004 336 3082 Pontifex
358 3004 519 3081 Pronus
542 3004 604 3079 111
627 3004 682 3079 uti
699 3005 901 3081 concessit.
953 3006 1082 3101 Atque
1106 3006 1188 3081 haec
1206 3031 1254 3081 ex

156 3118 302 3195 Rituali
327 3118 657 3217 Limaeimpresso
683 3143 784 3194 anno
812 3123 907 3194 1797
934 3120 1147 3218 desumpta,
1171 3122 1255 3196 sub

156 3234 336 3311 nectitur:
401 3281 409 3297 ·

263 3457 492 3509 nrnamcrro
512 3458 659 3528 FONTlS,
677 3457 747 3508 SEU
766 3456 876 3514 AQUAE
896 3457 1148 3509 BAl’TleiALlS.

205 3573 444 3649 “Exoacrzo
462 3586 514 3668 te,
531 3585 706 3650 creatura
722 3597 843 3671 aquae,
859 3574 897 3648 in
914 3575 1065 3651 nomine
1076 3576 1162 3650 ¹Dei
1182 3576 1254 3651 Pa-

157 3687 224 3763 tris
241 3688 509 3786 omnipotentis
526 3691 557 3781 †,
574 3700 613 3763 et
633 3689 671 3762 in
691 3689 843 3763 nomine
859 3688 957 3765 Jesu
975 3690 1117 3765 Christi
1133 3694 1157 3784 †'
1168 3691 1255 3767 Filii

157 3801 239 3900 ejus
264 3800 420 3878 Domini
444 3803 576 3896 nostri,
601 3813 640 3877 et
667 3803 704 3876 in
730 3802 863 3878 virtute
890 3804 1051 3903 spiritus
1077 3808 1096 3901 †
1120 3807 1252 3881 sancti.

157 3916 348 3992 Exercizo
366 3931 418 4011 te,
435 3918 556 3992 omnis
574 3918 690 3992 virtus
709 3919 913 3993 adversarii
936 3920 1091 4013 diaboli,
1117 3932 1158 3995 ut
1179 3946 1255 3994 om·

157 4026 215 4106 nis
228 4031 427 4129 phantasia
440 4032 665 4126 eradicetur,
676 4055 722 4106 ac
738 4032 922 4132 effugetur
935 4036 982 4108 ab
996 4035 1069 4109 hac
1084 4036 1254 4109 creatura

158 4168 278 4243 aquae,
295 4156 335 4220 et
356 4145 423 4219 fiat
443 4145 529 4219 sons
550 4170 658 4243 aquae
679 4145 846 4220 salientis
869 4144 907 4219 in
929 4145 1042 4221 vitam
1062 4158 1255 4242 aeternam,

160 4259 290 4357 utqui
320 4283 368 4334 ex
396 4261 439 4333 ed
468 4260 647 4358 baptizati
674 4260 823 4355 fuerint,
849 4261 941 4336 fiant
968 4264 1148 4361 templum
1179 4262 1254 4337 Dei

160 4372 240 4469 rivi,
252 4386 292 4448 et
309 4372 473 4472 Spiritus
486 4385 642 4451 sanctus
661 4375 804 4453 habitet
819 4375 927 4454 ineis
942 4375 1253 4454 inremissionem
