2820 5010
218 394 289 467 176
501 418 715 470 concrrrurr
743 419 1033 473 anamuoaausr:

213 590 436 687 carentium,
452 592 549 669 fides
575 606 716 692 spreta,
733 595 932 696 disciplina
955 620 1101 691 eversa,
1125 597 1168 672 S.
1192 597 1317 674 Sedes

214 707 411 804 despecta,
423 708 556 781 altaria
571 709 744 807 spoliata,
757 710 988 786 monasteria
1000 735 1124 787 vacua
1135 712 1319 813 sanguine

213 834 433 897 sanctorum
444 846 632 920 respersa,
643 825 724 899 orbi
736 838 920 899 terrarum
932 839 1047 924 atque
1058 851 1211 902 summo
1221 826 1319 903 coelo

54 940 60 964 '
131 982 136 1009 ι
212 936 319 1011 triste
343 937 600 1013 testimonium
623 940 839 1036 perhibetur
861 941 1020 1039 turpiter
1040 940 1215 1039 dejectas
1232 966 1319 1016 esse

213 1062 360 1151 gentes,
376 1051 519 1150 antiqui
542 1051 697 1128 honoris
714 1053 970 1149 immemores,
985 1078 1034 1130 ac
1050 1055 1188 1153 priscae
1205 1056 1320 1155 pieta·

210 1165 260 1241 tis
278 1165 423 1241 oblitas.
476 1166 606 1242 Eheu!
631 1167 823 1267 lacrymas
837 1192 885 1245 ac
909 1194 1045 1268 preces
1062 1168 1189 1268 potiirs
1207 1171 1317 1269 quam

210 1280 507 1381 indignationem
524 1282 701 1358 clamant.

262 1396 360 1472 Aliae
385 1422 536 1494 quoque
564 1397 786 1473 Potestates
812 1397 882 1474 sibi
906 1422 1046 1475 nomen
1072 1398 1317 1476 catholicum

210 1511 458 1606 vindicantes,
481 1513 610 1610 specie
636 1511 779 1611 politici
798 1513 907 1613 juris,
930 1514 1134 1591 sanctuarii
1159 1514 1316 1614 regendi

210 1639 357 1727 partem
383 1627 454 1702 sibi
479 1639 670 1726 arrogant,
693 1627 934 1726 Caesarisque
959 1629 1188 1705 auctoritate
1214 1629 1315 1706 haud

210 1746 414 1838 contenta,
431 1766 515 1840 quae
539 1742 615 1817 Dei
639 1755 728 1818 sunt
743 1768 822 1817 non
839 1744 962 1818 solrim
978 1743 1161 1839 ambiunt,
1177 1744 1248 1819 sed
1264 1743 1315 1819 iu

210 1858 361 1934 vadunt
413 1856 507 1932 ldeb
524 1856 640 1931 etiam
663 1857 895 1934 Beatitudini
912 1857 1010 1935 Ture
1025 1858 1215 1935 acerbitas
1232 1882 1315 1959 pes·

209 1970 306 2045 sima
323 1972 469 2046 oborta

259 2085 372 2160 Talia
387 2085 485 2160 inter
502 2085 735 2162 domesticos
753 2086 842 2161 fidei
859 2088 1178 2186 contemplantes,
1189 2086 1314 2163 mirari

208 2223 286 2275 non
304 2200 486 2275 debemus
504 2200 536 2274 si
552 2200 650 2276 inter
666 2199 839 2275 inimicos
857 2201 1047 2278 Ecclesia
1063 2201 1201 2277 similia
1215 2202 1314 2277 inre·

207 2314 367 2390 niantur.
419 2314 541 2414 Regis
565 2315 822 2390 Borussorum
840 2315 1046 2391 dominatio
1064 2341 1138 2392 nee
1156 2316 1313 2417 justitia

208 2453 366 2524 memor,
394 2453 467 2504 nec
490 2430 578 2529 jure
610 2429 777 2528 gentium
806 2429 994 2525 restricta,
1017 2454 1090 2507 nec
1120 2429 1311 2507 estimem

208 2544 322 2618 fidem
341 2542 528 2641 publicam
553 2543 595 2616 S.
616 2543 710 2617 Sodi
735 2544 876 2638 datam,
892 2569 965 2619 nec
983 2544 1082 2644 regis
1099 2544 1219 2643 ipsius
1237 2567 1313 2620 ver·

207 2658 296 2734 burn
321 2657 539 2732 solemnitor
556 2657 858 2757 oppigneratam,
875 2660 924 2734 ad
950 2671 1070 2733 terras
1094 2659 1312 2736 Catholica-

207 2797 290 2846 rum
315 2772 552 2865 obtinendas,
569 2772 679 2848 nobis
701 2773 856 2848 occasio
882 2772 1021 2849 doloris
1043 2775 1113 2848 sed
1136 2799 1215 2850 non
1239 2786 1311 2850 stu·

207 2886 308 2986 poris
326 2886 404 2961 fuit.

256 3002 354 3077 Post
370 3015 517 3103 strages
537 3001 720 3096 Poloniae,
733 3014 820 3100 post
833 3002 982 3077 malain
1000 3002 1081 3077 istis
1094 3003 1309 3103 regionibus

205 3117 376 3217 religioni
392 3117 508 3212 illata,
520 3143 593 3193 vox
610 3130 676 3191 tua
693 3117 714 3191 ὲ
731 3118 827 3192 solio
845 3117 1022 3216 principis
1036 3118 1310 3215 Apostolorum

205 3232 377 3332 lugubria
393 3234 575 3326 reserens,
588 3231 782 3330 perfidiam
800 3232 1011 3330 aliquorum
1028 3232 1309 3332 Episcoporum

206 3346 399 3421 Ruthenae
416 3347 539 3446 gentis
557 3344 797 3439 annuntians,
809 3347 918 3422 nobis
936 3371 1014 3421 non
1030 3346 1309 3446 inopinantibus

205 3462 255 3535 ad
280 3485 392 3537 aures
419 3460 605 3559 pervenit3
626 3461 706 3559 jam
731 3461 830 3535 enirn
848 3462 950 3536 sama
967 3461 1163 3537 nuntiabat
1189 3462 1310 3562 Impe

204 3587 370 3649 ratorem
393 3574 538 3649 illarum
563 3575 758 3674 regionum
777 3600 933 3651 curasse
955 3588 997 3650 ut
1014 3574 1141 3649 omnia
1157 3577 1209 3650 ad
1235 3577 1309 3651 hoc

205 3701 293 3762 ante
312 3699 445 3786 parata
455 3700 593 3762 essent.
648 3689 729 3763 Sed
744 3690 956 3786 quanquim
974 3689 1120 3793 perfida
1136 3690 1310 3787 plurimo

204 3829 287 3879 rum
305 3803 469 3879 desectio
494 3803 543 3878 ibi
567 3804 751 3901 ploranda
771 3804 832 3898 sit,
848 3829 926 3879 non
948 3815 1031 3879 tota
1052 3829 1146 3903 gons
1165 3804 1309 3880 virtutis

204 3919 334 3994 oblita:
361 3918 515 4016 sanguis
538 3931 746 4016 martyrum
769 3918 867 3992 inter
892 3918 1098 3993 Rutbenos
1124 3919 1310 3996 Polonos·

204 4058 278 4130 que
296 4033 474 4127 rubescit,
488 4035 819 4130 Conlessoresque
837 4034 991 4133 gloriosi
1007 4032 1230 4109 fidelitatem
1248 4059 1309 4134 pa·

202 4159 301 4223 trum
319 4147 557 4244 antiquorum
575 4148 807 4223 aemulantur.

252 4261 375 4338 Extra
384 4263 479 4338 fines
492 4263 659 4362 Europae
670 4276 810 4357 autern,
821 4263 917 4339 inter
928 4265 1110 4340 barbaros
1122 4264 1307 4341 Sinenses

203 4378 419 4477 persecutio
440 4403 591 4476 quoque
614 4378 730 4478 viget,
756 4390 871 4476 atque
894 4378 932 4455 in
953 4378 1138 4476 aliquibus
1158 4378 1308 4457 Oceani
