2820 5010
541 402 790 451 rnevmcmtu
820 378 866 451 vi.
1152 368 1254 453 '259

156 576 199 651 Ν.
226 602 274 653 ac
301 578 587 653 suecessoribus
619 578 781 675 praelatis
810 577 993 670 rationem
1020 579 1176 652 reddam
1202 579 1250 653 de

155 705 233 767 toto
251 717 339 768 meo
365 693 544 791 pastorali
570 693 708 787 officio,
724 717 770 768 ae
798 693 845 767 de
872 694 983 771 rebus
1005 692 1177 767 omnibus
1201 694 1249 768 ad

155 832 247 882 meae
265 807 454 882 Ecclesiae
466 820 620 901 statum,
632 809 682 881 ad
699 807 790 882 cleri
803 820 843 880 et
860 807 987 905 populi
1005 806 1251 906 disciplinam,

154 920 361 996 animarum
375 923 549 1020 denique,
562 947 645 1020 quae
663 948 758 996 meae
774 922 862 995 fidei
879 921 1025 996 traditae
1043 934 1142 1015 sunt,
1155 922 1250 995 salu·

154 1047 229 1110 tem
247 1036 378 1133 quovis
396 1038 511 1110 modo
529 1036 818 1135 pertinentibus,
836 1049 874 1109 et
892 1035 1052 1109 vicissim
1070 1036 1250 1109 mandata

154 1150 379 1249 Apostoliea
392 1151 579 1225 humiliter
592 1150 783 1249 recipiam,
794 1163 832 1224 et
845 1150 954 1247 quim
968 1149 1248 1249 diligentissimi

154 1287 329 1362 exequar.
382 1264 497 1346 Quod
526 1267 557 1339 si
585 1265 750 1364 legitimo
778 1264 1046 1362 impedimento
1072 1265 1247 1339 detentus

153 1379 438 1478 luero,praesata
451 1381 577 1454 omnia
589 1381 802 1479 adimplebo
821 1404 888 1478 per
901 1391 1046 1454 certum
1063 1378 1247 1454 Nuntium

153 1493 200 1567 ad
226 1492 301 1568 hoe
326 1494 491 1593 speciale
515 1494 733 1568 mandatum
759 1494 973 1587 habentem,
990 1493 1247 1568 dioecesanum

154 1608 406 1702 sacerdotem,
423 1607 481 1681 vel
504 1633 571 1706 per
588 1608 750 1706 aliquem
768 1607 880 1682 alium
905 1608 1164 1709 presbyterum
1182 1632 1248 1681 saL

154 1721 332 1815 cularem,
353 1723 411 1795 vel
434 1723 657 1821 regularem,
680 1732 862 1821 spectata
887 1720 1081 1820 probitatis
1105 1732 1144 1795 et
1167 1721 1247 1794 reli-

154 1836 287 1935 gioniS,
304 1835 352 1910 de
369 1837 595 1936 supradictis
614 1837 785 1912 omnibus
803 1835 911 1936 plene
929 1836 1161 1911 instructum.

201 1948 474 2024 Possessiones
493 1949 579 2024 verb
601 1949 650 2024 ad
675 1973 845 2025 mensam
867 1973 990 2024 meam
1015 1949 1244 2047 pertinentes

153 2088 229 2138 non
256 2065 428 2159 vendam,
451 2090 522 2140 nec
548 2065 711 2159 donabo,
734 2087 857 2162 neque
882 2063 1154 2163 impignorabo,
1173 2088 1245 2138 nec

153 2179 201 2253 de
219 2203 317 2253 novo
342 2179 556 2273 infeudabo,
573 2180 631 2252 vel
654 2178 778 2276 aliquo
796 2178 911 2252 modo
933 2177 1116 2272 alienabo,
1133 2177 1246 2252 etiam

153 2316 241 2367 eum
272 2317 462 2369 consensu
493 2292 657 2390 Capituli
686 2291 874 2367 Ecclesiae
903 2316 1009 2386 meae,
1033 2291 1246 2368 inconsulto

153 2407 333 2483 Romano
351 2408 548 2482 Pontifice.
601 2407 654 2480 Et
674 2409 707 2481 si
730 2409 779 2481 ad
802 2408 965 2506 aliquam
982 2407 1246 2482 alienationem
1304 2410 1306 2415 ’

153 2522 354 2616 devenero,
370 2546 501 2621 poenas
525 2523 562 2595 in
586 2522 746 2617 quadam
764 2546 877 2621 super
900 2522 974 2597 hoe
995 2521 1094 2596 editt
1110 2520 1247 2597 eonsti-

153 2636 297 2712 tutione
314 2649 526 2730 contentas,
543 2662 590 2710 eo
607 2636 690 2735 ipso
707 2637 897 2712 incurrere
915 2637 1010 2710 volo.

205 2752 461 2826 Cormecrator
472 2754 516 2826 ia
527 2755 682 2852 gremio
698 2776 769 2825 sao
787 2753 927 2825 librum
943 2751 1246 2851 Evangelioram

152 2866 339 2940 andam
360 2867 539 2941 manibus
565 2879 741 2965 apertum
764 2878 908 2959 teneas,
928 2863 1111 2963 inferiore
1129 2876 1245 2963 parte

153 2980 241 3053 tetri
267 2979 400 3055 Electa
425 2981 544 3073 versd,
569 2980 617 3053 ab
645 3005 688 3053 co
709 2981 1002 3077 praestationem
1025 2979 1246 3078 hujusmodi

144 3096 362 3192 juramenti
377 3096 525 3193 recipit,
537 3096 669 3168 Eleate
687 3095 812 3167 adbuc
830 3118 962 3167 coram
979 3118 1023 3167 eo
1037 3092 1244 3194 genuflexo

153 3211 321 3284 dicente:

202 3323 270 3399 Sic
282 3349 342 3398 me
355 3325 464 3400 Deus
476 3326 638 3423 adjuvet,
650 3325 780 3399 ethaeo
792 3336 925 3399 saneta
937 3323 1014 3398 Dei
1027 3310 1243 3422 Evangelia.

200 3439 253 3512 Et
276 3441 404 3538 ipsum
428 3451 572 3514 tentam
597 3440 901 3539 Evangeliorum
923 3439 1108 3514 anthadus
1125 3441 1246 3512 meni·

153 3551 223 3625 bus
253 3564 448 3653 turtgcntc,
474 3566 568 3648 tum,
592 3579 672 3627 noa
694 3553 819 3653 priits,
844 3555 937 3630 dicit
968 3555 1244 3629 consecrator:

153 3664 239 3742 Deo
258 3667 408 3765 gratias.
