2820 5010
376 362 380 369 ¹
423 406 675 458 ruovmomuu
702 406 749 456 rv.
1061 388 1136 459 203

129 616 145 657 i.
171 580 237 658 De
261 581 528 681 Superioribus
554 582 710 656 decreto
738 581 824 656 huic
848 582 998 658 minime
1027 585 1136 659 obse·

129 695 250 791 itibus,
267 705 355 795 post
370 719 485 770 unam
502 696 561 770 vel
578 694 736 769 alteram
752 695 1009 791 monitionem,
1025 697 1134 797 Epis-

140 811 191 885 ad
212 809 255 884 S.
275 808 621 909 congregationem
638 808 816 902 scribent,
832 809 905 907 quo
921 811 1034 906 mala,
1050 837 1134 910 quse

134 924 243 1023 sequi
255 936 426 1023 possent,
435 935 648 1023 opportuno
659 922 826 998 remedio
840 937 1131 1022 praeoaveantur.

129 1068 187 1119 aec
212 1051 301 1117 sunt
326 1065 410 1139 quae
435 1040 483 1115 de
509 1038 616 1115 bonis
641 1038 679 1113 in
704 1038 918 1115 Foederatis
945 1042 1133 1120 Amerina

129 1157 354 1235 :entrionalis
373 1156 544 1232 Statibus
562 1156 611 1230 ad
628 1153 844 1230 Ecclesiam
861 1155 940 1231 sive
955 1158 1036 1257 jam
1052 1183 1134 1257 por-

129 1273 240 1350 uibus
257 1272 336 1347 sive
359 1271 396 1346 in
421 1280 613 1370 posterum
633 1269 872 1368 spectaturis,
888 1270 968 1347 tutb
984 1297 1133 1349 servan·

129 1388 169 1463 Ι.
188 1386 446 1488 Congregatio
464 1384 666 1460 statuenda
682 1408 768 1458 esse
779 1383 972 1483 judicavit

129 1504 209 1580 acts
235 1501 321 1578 verb
352 1502 484 1576 ssmo
514 1500 603 1575 Duo
635 1499 780 1575 Nostro
810 1500 1014 1576 Gnsconro
1047 1502 1129 1579 PP.
1257 1518 1267 1539 ⁰

129 1616 134 1693 ζ
156 1616 212 1693 rei
227 1617 342 1693 totius
359 1615 542 1691 relatione
560 1638 626 1714 per
646 1613 697 1689 R.
716 1613 761 1688 Ρ.
779 1613 829 1689 D.
848 1614 1040 1692 Iausrruu
1058 1617 1132 1693 Cn-

130 1754 242 1827 oson,
257 1729 599 1828 Arcbiepiscopum
622 1727 875 1824 Edessenum‚
899 1728 941 1804 S.
963 1729 1132 1831 Congre-

129 1844 199 1921 ›uis
223 1844 494 1937 §emeterium
516 1842 711 1917 Sanctitas
738 1842 833 1938 Sua,
854 1868 939 1941 quae
960 1844 1130 1944 superbis

129 1958 256 2059 cripta
266 1971 354 2034 sunt
366 1958 404 2033 in
418 1957 589 2033 omnibus
602 1956 848 2051 confirmavit,
857 1968 896 2031 et
908 1960 1131 2056 exequenda

151 2072 268 2148 'ussit

129 2098 230 2263 cium
251 2186 402 2280 Romae,
419 2210 468 2260 ex
484 2182 645 2260 AEdibus
668 2183 799 2258 Sacrae
816 2185 1130 2287 Congregationis

129 2303 356 2401 'repagandb
372 2300 483 2393 Fide,
500 2298 560 2374 die
579 2304 626 2372 15
643 2297 868 2374 Decembris
888 2305 993 2376 1840.

129 2504 211 2557 »nus
229 2480 437 2554 Pmmrrus
455 2478 577 2552 Cano.
590 2475 744 2551 FRAN
747 2475 891 2572 SONI,
901 2477 1126 2577 Praefectus.

206 2657 236 2732 Ι.
255 2659 588 2732 Ancursmscorus
606 2654 847 2749 EossssNUS,
862 2652 887 2728 ὰ
903 2655 1076 2733 Socratis.
