2820 5010
210 371 286 441 202
496 390 709 442 conomius
735 391 1024 445 sunrruonnnsr.

213 565 295 641 tuto
311 567 360 640 ad
379 591 624 642 successores
647 569 749 642 bona
766 569 947 667 praedicte
965 569 1259 664 transmittendi,
1273 582 1370 645 εἰ
1379 566 1400 628 ²¹

213 681 296 778 quis
322 681 371 755 sit
396 682 532 755 modus
558 681 651 761 iste?
705 689 737 757 5.
764 684 829 758 Au
853 682 976 758 nullus
1002 684 1097 759 alius
1128 685 1400 761 habeaturt'

214 796 350 870 modus
368 809 504 895 praeter
520 798 811 878 testamcutum?

265 917 322 986 1⁶2.
349 911 557 1010 Responso
575 925 751 1010 accepto,
767 912 991 989 Ordinarius
1009 913 1099 1013 quid
1122 915 1400 1015 agendum

213 1024 263 1100 sit
279 1026 388 1101 facile
406 1026 629 1124 comperiet:
651 1051 738 1101 nam
755 1027 789 1101 si
805 1051 889 1124 quae
905 1028 980 1103 sint
997 1029 1371 1123 Communitutesg-
1391 1044 1400 1087 ²

97 1226 105 1235 ,
214 1141 348 1239 quibus
355 1141 652 1240 jusapotostate
663 1141 759 1216 civili
769 1143 946 1217 tributum
957 1141 1069 1219 fuerit
1081 1144 1389 1243 possidendi,e

213 1268 253 1330 et
270 1257 320 1330 ad
337 1279 582 1331 successores
600 1255 877 1331 transmittendi
899 1258 1001 1331 bona
1016 1258 1156 1353 omnia,
1173 1259 1233 1333 vel
1253 1258 1400 1331 ali-

214 1395 327 1468 quam
342 1395 472 1445 eorum
487 1382 644 1468 partem,
657 1371 759 1444 nulla
771 1369 842 1445 erit
855 1371 1009 1446 occasio
1023 1371 1312 1448 sollicitudinem
1329 1388 1400 1443 ι

83 1490 91 1505 “
213 1509 322 1560 suam
336 1484 540 1560 exercendi
556 1484 606 1558 ad
623 1509 755 1559 eorum
772 1485 1109 1561 conservationem.
1162 1486 1235 1561 Sin
1253 1510 1313 1561 au·
1332 1519 1400 1537 ³

213 1611 292 1674 tom
305 1601 442 1675 modus
453 1598 586 1697 aliquis
597 1598 835 1698 excogitatus
845 1599 957 1674 suerit
970 1600 1190 1698 possidendi
1202 1603 1313 1694 bono,
1365 1652 1395 1669 ...

213 1738 283 1812 per
311 1713 507 1789 societatis
537 1725 788 1808 contractum,
817 1739 892 1812 quo
921 1716 1024 1789 bona
1052 1716 1089 1789 in
1120 1716 1312 1791 communi

214 1828 457 1927 possidentur
474 1828 495 1902 ὲ
512 1829 628 1904 tribus
643 1829 702 1904 vel
719 1840 880 1927 quatuor
894 1828 1186 1904 communitatis
1199 1855 1313 1905 mem·

213 1943 303 2037 bris,
319 1943 373 2017 ita
388 1955 431 2018 ut
447 1967 580 2017 omnes
593 1943 693 2018 socii
707 1943 771 2043 jus
788 1943 879 2018 illud
896 1943 1116 2042 possideant
1132 1945 1312 2019 naturalis

215 2081 294 2131 sure
310 2056 395 2130 vitae
417 2069 609 2154 tempore3
633 2057 703 2132 sed
727 2081 966 2156 quocumque
989 2082 1038 2133 ex
1062 2058 1133 2132 illis
1150 2052 1313 2153 mortuo,

208 2171 272 2269 jus
290 2171 391 2268 apud
408 2171 630 2268 superstites
649 2171 775 2246 socios
793 2183 987 2247 remaneat
1008 2170 1228 2271 possidendi
1250 2174 1313 2248 bo

214 2308 265 2359 nu
291 2284 478 2380 universa,
502 2286 603 2359 nulld
629 2285 731 2360 facta
757 2286 894 2383 cuique
923 2310 972 2361 ex
1000 2285 1091 2385 ipsis
1121 2298 1311 2386 potestate

215 2399 404 2475 alienandi
421 2424 501 2475 suae
517 2399 602 2475 vitae
617 2411 801 2498 tempore,
813 2401 872 2475 vel
888 2426 955 2500 per
971 2412 1241 2477 testamentum
1258 2428 1312 2478 re

212 2515 404 2613 linquendi
429 2517 530 2590 bona
555 2515 734 2614 praedicta
755 2528 842 2614 post
857 2528 1036 2609 mortem3
1061 2529 1153 2593 tunc
1169 2518 1209 2592 id
1234 2531 1312 2593 tan·

213 2629 408 2705 tummodd
436 2632 483 2703 ab
513 2630 708 2727 Episcopo
736 2631 944 2705 curandum
972 2632 1054 2727 erit,
1078 2643 1132 2726 ut,
1159 2658 1236 2706 uuo
1264 2659 1311 2707 ex

215 2745 328 2819 sociis
360 2757 522 2836 mortuo,
549 2744 643 2817 alius
671 2769 719 2817 ex
747 2730 1036 2819 communitatis
1065 2747 1244 2821 membris
1274 2747 1311 2821 in

214 2859 439 2934 societatem
474 2858 719 2933 adsciscatur.
784 2858 960 2933 Tandem
990 2859 1022 2933 si
1051 2860 1165 2935 unica
1198 2872 1311 2935 testa·

215 2974 332 3048 menti
349 2985 544 3047 remaneat
560 2972 620 3046 via
636 2971 911 3047 transmittendi
933 2975 1097 3048 bonoad
1115 3000 1312 3050 successo

217 3114 291 3181 res
317 3087 509 3185 praecipiat
538 3086 754 3184 Episcopus
784 3086 1061 3184 Superioribus,
1086 3091 1143 3163 vel
1174 3090 1225 3163 illi
1250 3091 1311 3188 qui

216 3228 287 3277 suo
314 3203 463 3300 proprio
489 3201 639 3275 nomine
667 3202 957 3275 communitatis
987 3203 1087 3276 bona
1117 3205 1310 3301 possidere

216 3328 307 3391 tunc
326 3317 475 3414 poterit,
491 3328 533 3388 ut
550 3314 675 3388 statim
694 3326 961 3395 testamentum
979 3317 1088 3415 juxta
1105 3317 1211 3416 leges
1229 3320 1311 3394 civi·

217 3433 272 3506 los
297 3431 436 3530 duplici
461 3429 664 3528 exemplari
687 3429 791 3526 aequd
815 3430 1033 3504 authentico
1059 3432 1244 3529 perficiat,
1267 3459 1310 3506 ex

217 3547 350 3643 quibus
372 3570 487 3619 unum
511 3544 547 3616 in
566 3543 856 3617 communitatis
877 3544 1022 3619 scriniis
1043 3545 1242 3644 diligenter
1258 3573 1311 3621 as-

217 3672 398 3751 servetur,
415 3659 573 3731 alterum
595 3657 681 3731 verd
705 3658 752 3730 ad
780 3657 1013 3757 Episcopum
1040 3658 1310 3737 Dioecesanum

216 3773 253 3847 in
271 3773 422 3848 archivo
441 3772 711 3844 asservandum
727 3771 904 3846 mittatur.

269 3891 325 3961 13.
353 3889 417 3961 Ad
452 3886 753 3961 Communitates
783 3898 910 3961 autem
944 3911 1100 3984 quarum
1134 3890 1238 3963 bona
1265 3892 1310 3963 ab

218 4001 413 4100 Episcopo
447 4001 699 4098 possidentur,
733 4001 781 4074 de
815 4001 888 4076 hoc
925 4002 1079 4077 decreto
1111 4003 1214 4077 nulla
1244 4005 1311 4078 erit

218 4118 406 4191 scribendi
424 4117 646 4210 necessitas,
660 4115 746 4191 ciun
764 4141 831 4214 per
844 4128 1111 4192 testamentum
1129 4118 1312 4218 Episcopi

218 4232 308 4306 satis
326 4235 510 4308 bonorum
527 4232 673 4307 illorum
691 4232 883 4308 securitati
900 4233 1158 4331 prospiciatur.
