2820 5010
555 427 808 480 enovincnnn
836 428 859 479 ι.
1207 410 1256 480 85

151 604 331 697 habeant,
348 615 387 678 et
404 604 620 680 executioni
644 605 865 679 demandari
889 616 1023 679 curent
1040 627 1088 678 ee
1105 630 1189 703 quoe
1212 605 1255 680 S.

157 718 273 794 Sedis
291 719 518 793 auctoritate
537 718 675 794 suerint
691 719 853 792 firmata.

207 830 435 907 XXXVIII.
464 834 676 908 statuimus
701 833 862 928 denique
887 832 1097 930 proximum
1122 834 1258 910 Conci-

157 945 247 1021 lium
264 946 502 1021 Provinciale
520 948 734 1022 habendum
753 971 839 1021 esse
858 960 945 1044 post
962 949 1174 1042 triennium,
1186 950 1258 1022 nisi

157 1061 261 1159 gravi
289 1061 339 1136 de
369 1064 486 1136 coust
511 1062 815 1160 Archiepiscopo
845 1061 1015 1136 videatur
1044 1063 1133 1137 illud
1164 1064 1259 1138 uitri

158 1175 320 1251 differre.

207 1292 227 1383 †
242 1289 331 1389 Ego
347 1288 535 1384 Jscosvs,
545 1291 867 1390 Arcbiepiscopus
880 1290 1188 1384 Baitimorensis,
1201 1290 1261 1365 de-
1298 1338 1305 1347 ·

152 1403 304 1500 finimus
320 1405 544 1504 subscripsi.

206 1520 226 1610 †
241 1517 330 1617 Ego
348 1518 601 1592 Bennmcws
617 1518 643 1590 J
646 1541 779 1612 ossen,
796 1518 1010 1593 Burdensis
1031 1520 1261 1620 Episcopus,

159 1632 347 1730 definieris
363 1635 585 1733 subscripsi.

208 1746 332 1846 †Ego
349 1746 377 1821 J
378 1771 540 1842 osnnss,
561 1746 899 1848 Gurolcpolitanus
918 1748 1062 1849 Fpisc,
1078 1748 1262 1846 destrueris

160 1862 385 1961 subscripsi.

208 1977 228 2069 i
243 1975 332 2074 Ego
349 1975 582 2071 Ennsnnus,
596 1976 911 2052 Gincinuutensis
924 1976 1263 2079 Episc.,defluierts

160 2090 385 2190 subscripsi.

187 2264 190 2269 .
209 2207 229 2297 †
245 2204 334 2303 Ego
343 2203 371 2278 J
374 2228 507 2299 ossen,
518 2206 647 2306 Fpisc
661 2207 698 2280 S.
711 2206 913 2302 lucdovici,
923 2219 961 2281 et
970 2207 1121 2282 nomn.
1130 2207 1261 2309 sipost.

159 2319 442 2415 Nossemus,
459 2320 644 2417 destruens
660 2322 882 2421 subscripsi.
1226 2333 1228 2338 “

210 2436 231 2526 †
246 2432 335 2534 Ego
352 2434 616 2528 Bsnsmcrns,
632 2437 761 2535 Ibpisc.
780 2437 1063 2531 Bononiensis,
1079 2436 1264 2536 definiens

161 2549 386 2648 subscripsi.

212 2661 301 2761 Ego
319 2663 552 2739 Gnnrsnnns
568 2662 810 2757 Mnrrnews,
833 2664 909 2740 Vis.
927 2665 1072 2765 sipost,
1088 2678 1126 2741 et
1137 2667 1264 2741 Admi-

162 2778 352 2853 nistrutor
367 2779 555 2853 Dioecesis
573 2780 933 2879 Pbiludebrbiensis,
949 2782 1171 2882 subscripsi.

214 3006 302 3081 Uns
313 3032 402 3084 cum
413 3007 592 3082 Decretis
606 3008 718 3106 supri
729 3008 941 3107 descriptis,
952 3007 1088 3082 Patres
1104 3007 1264 3084 Concilii

166 3120 453 3195 Baitimorensis
484 3122 696 3220 Epistolam
722 3123 907 3196 miserunt
928 3123 977 3195 ed
1007 3121 1082 3195 sS.
1112 3122 1265 3197 Pontifi-

165 3259 265 3329 cem,
276 3237 349 3334 qui
361 3236 565 3311 Sanctitati
579 3236 670 3310 Suae
683 3238 946 3335 supplicabant
959 3262 1027 3335 pro
1041 3237 1264 3334 quibusdam

167 3349 379 3449 privilegiis,
404 3375 488 3448 quae
514 3351 552 3424 in
581 3351 748 3449 ipsorum
779 3350 1019 3426 Dioecesibus
1049 3353 1266 3428 necessaria

166 3488 254 3539 esse
271 3463 503 3539 videbuntur.
557 3465 624 3540 Sic
642 3463 753 3564 porrb
771 3465 1017 3564 scripserunt:
