2820 5010
162 328 210 397 54
444 345 661 397 couernruu·
683 344 971 396 suurruoususs

210 521 427 620 Antequam
453 546 542 595 vero
559 522 609 597 ad
635 520 819 596 ecclesias
836 534 988 595 nostras
1014 534 1254 615 revertamur,

158 637 401 711 vehementer
427 637 686 711 desideramus
711 636 922 710 animorum
944 649 1162 711 nostrorum
1179 662 1256 712 sen·

155 776 221 825 sus
238 750 317 844 tibi,
330 750 554 826 Beatissime
573 750 703 844 Pater,
714 749 870 849 aperire.
915 751 1101 848 Cupimus
1120 751 1254 825 etenim

158 889 327 939 amorem
353 877 391 939 et
416 865 665 939 reverentiam
692 876 731 938 et
756 864 1009 939 obedientiam
1036 889 1128 964 erga
1156 879 1194 940 te
1220 878 1254 939 et

160 979 304 1053 Sedem
329 992 433 1053 tuam
459 978 735 1078 Apostolicam,
752 1003 829 1076 qua
852 979 985 1078 repleti
1011 1005 1156 1074 sumus,
1181 992 1256 1053 tan·

161 1117 273 1190 quam
300 1092 558 1168 haereditatem
576 1093 900 1191 pretiosissimam,
916 1117 1028 1190 quam
1048 1119 1126 1191 prae
1144 1094 1257 1168 omni-

159 1207 230 1280 bus
249 1207 329 1280 aliis
347 1206 500 1281 maximi
524 1206 721 1301 habemus,
738 1207 877 1282 ultimis
894 1207 1058 1305 posteris
1076 1208 1257 1306 peculiari

158 1320 297 1394 affectu
311 1321 589 1395 commendare.
632 1320 696 1395 Nil
710 1321 810 1394 enim
824 1322 873 1395 ad
890 1320 1005 1395 fidem
1023 1322 1258 1415 firmandam,

155 1444 195 1507 et
212 1435 261 1508 ad
279 1434 457 1531 pietatem
475 1459 560 1532 quoa
576 1457 624 1509 ex
640 1434 715 1508 lide
734 1435 880 1534 exurgit
897 1437 1120 1534 urgendarn,
1137 1436 1255 1535 magis

156 1550 373 1624 conducere
397 1549 580 1643 novimus,
603 1573 715 1646 quarn
742 1573 910 1623 amorem
934 1563 974 1624 et
1003 1550 1256 1625 obedientiam

154 1663 305 1739 filialem
323 1688 414 1762 erga
439 1664 582 1738 Sedem
601 1664 878 1763 Apostolieam,
894 1664 1062 1739 omnium
1089 1666 1274 1743 Ecclesi·..

156 1802 262 1853 arum
281 1791 439 1852 matrem
457 1791 496 1852 et
512 1779 745 1878 magistram,
760 1778 898 1852 fovere.

207 1892 297 1966 Sive
315 1891 552 1989 antiquorum
569 1903 782 1991 temporum
800 1903 1057 1986 monumenta,
1074 1893 1155 1967 sive
1172 1906 1257 1969 aeta·

77 2066 81 2079 .
159 2006 207 2080 tis
233 2020 373 2082 nostrae
390 2006 584 2082 historiam
606 2007 824 2100 evolvimus,
851 2007 988 2104 ubique
1006 2033 1074 2106 per
1099 2008 1257 2084 Petrum

157 2120 245 2195 fidei
261 2122 387 2196 lumen
405 2133 595 2197 servatum
612 2120 832 2214 videbimus,
845 2132 884 2195 et
900 2121 1066 2197 haereses
1085 2134 1124 2197 et
1141 2124 1259 2198 schis

156 2246 260 2308 mata
283 2245 374 2310 tunc
399 2246 544 2309 tantum
562 2245 657 2327 orta,
674 2259 762 2308 cum
779 2235 976 2310 imminuta
992 2260 1084 2336 erga
1111 2238 1255 2312 Sedem

157 2349 421 2448 Apostolicam
447 2350 668 2441 reverentia,
685 2348 873 2423 erroribus
891 2361 930 2424 et
955 2349 1051 2425 vitiis
1078 2352 1138 2426 via
1154 2366 1257 2452 pate-

155 2464 229 2537 bat.
282 2461 442 2537 Frustra
465 2462 619 2536 virtutes
644 2475 683 2536 et
713 2464 893 2561 praeclara
922 2478 1033 2562 gesta
1059 2468 1257 2566 majorum,

155 2578 294 2651 frustra
311 2588 448 2650 terram
467 2590 671 2674 martyrum
690 2577 872 2675 sanguine
896 2579 1101 2673 madidam,
1117 2582 1256 2656 frustra

156 2692 317 2788 antiquae
346 2689 493 2788 pietatis
524 2702 769 2763 monumenta
798 2691 1038 2787 appellabant
1065 2694 1130 2788 illi,
1154 2697 1255 2792 apud

156 2830 251 2902 quos
285 2803 495 2878 reverentia
528 2804 599 2877 ista
634 2829 814 2901 amorque
849 2805 1087 2904 frigescebat.
1141 2810 1255 2883 Elan-

156 2943 339 3018 gueseero
359 2916 477 3014 primo
503 2917 598 2991 fidos
617 2916 696 2990 visa
715 2933 786 3011 est,
803 2918 923 2992 serius
942 2921 1095 2994 omnino
1115 2924 1254 2997 emori:

154 3036 333 3108 humone
358 3033 470 3106 sactae
495 3044 583 3105 sunt
609 3033 782 3106 eeclesiae
807 3033 891 3126 illae,
908 3046 946 3107 et
965 3035 1088 3108 divina
1113 3038 1255 3111 amissa

154 3149 301 3239 virtute,
317 3171 393 3219 non
411 3157 487 3219 tam
506 3146 555 3217 ad
572 3146 670 3218 viam
688 3146 819 3219 salutis
839 3149 1113 3222 ostendendam
1134 3154 1255 3225 eccle-

155 3262 232 3354 siae,
250 3286 361 3357 quam
380 3262 491 3332 larvae
508 3259 557 3332 ad
575 3259 805 3333 illudendum
825 3285 910 3334 esse
930 3261 1161 3337 videbantur.

203 3375 368 3449 Factum
395 3374 544 3470 quidem
576 3385 634 3446 est
660 3375 901 3470 quandoque,
917 3376 1177 3451 misericordia
1204 3378 1254 3452 di-

154 3491 250 3581 vina,
267 3500 308 3561 ut
333 3487 477 3561 felicior
496 3497 598 3558 esset
623 3511 746 3560 rerum
766 3489 898 3561 exitus
952 3489 1042 3563 Hoc
1061 3505 1188 3565 autem
1208 3518 1254 3567 ea

152 3616 297 3677 tantum
333 3603 381 3674 de
416 3626 535 3674 causa
569 3601 704 3693 evenit,
730 3602 831 3697 quod
867 3603 1020 3675 tandem
1049 3605 1251 3700 aliquando

153 3718 326 3791 restituto
353 3714 452 3788 avito
480 3714 593 3787 Sedis
621 3715 857 3811 Apostolicae
874 3740 1015 3808 amore,
1034 3719 1137 3791 salus
1164 3720 1251 3793 inde

153 3835 363 3929 petebatur,
380 3831 480 3903 unde
507 3827 770 3902 Ecclesiarum
788 3830 901 3902 vitam
919 3830 1036 3904 fluere
1062 3832 1171 3906 Deus
1191 3836 1252 3908 de-

153 3956 334 4019 creverat.

202 4058 329 4131 Etiam
355 4069 447 4148 tum,
464 4080 578 4151 quum
604 4066 659 4148 tu,
683 4057 909 4133 Beatissimo
936 4058 1105 4153 Pater,a
1132 4066 1253 4161 sepul-

151 4173 250 4247 chris
285 4172 561 4268 Apostolorum
595 4172 781 4264 exulares,
815 4185 852 4244 et
896 4175 1102 4269 prudentes
1141 4176 1251 4274 hujus

153 4285 280 4360 saeculi
314 4284 363 4357 nil
399 4284 469 4356 nisi
503 4284 670 4380 pericula
704 4284 885 4377 viderent,
912 4310 1045 4360 omnes
1079 4290 1252 4364 admirati
