2820 5010
485 401 738 455 raovrncmaa
767 402 815 453 ιν.
1130 383 1201 454 185

82 601 169 675 ‘qna
182 588 331 655 vestras
344 575 514 678 impense
532 576 804 677 prosequimur.
856 576 998 653 Verum
1011 577 1202 653 abstinere

97 714 171 768 non
196 717 401 792 possumus
427 693 627 792 quominbs
653 693 728 768 bac
753 693 867 768 etiam
893 695 1022 768 nostrb
1045 693 1203 791 epistola

98 807 239 884 meritis
264 807 502 884 celebremus
528 808 703 883 laudibus
730 810 961 906 pastoralem
987 808 1204 885 sollicitudi-

98 945 197 1018 nem,
209 924 283 1021 qud
298 922 443 999 inducti
459 922 589 998 rursbs
607 947 656 997 ex
673 946 863 999 canonum
880 923 1100 1022 praescripto
1115 948 1204 999 con·

99 1037 251 1111 venistis
268 1037 306 1112 in
324 1061 453 1131 unum,
469 1049 510 1113 et
533 1037 711 1112 invocato
728 1037 867 1113 lumine
887 1038 1049 1136 Spiritirs
1067 1038 1204 1134 sancti,

96 1150 340 1251 consiliisque
364 1151 525 1227 invicem
551 1152 855 1247 communicatis,
878 1152 975 1226 tueri
1005 1152 1202 1227 studuistis

96 1266 190 1342 cleri
215 1266 464 1367 disciplinam,
488 1278 529 1341 et
556 1266 735 1367 pietatem
761 1267 888 1341 lovere
914 1266 1036 1342 fidelis
1063 1266 1204 1367 populi,

94 1393 212 1479 atque
229 1380 326 1457 adeb
343 1382 557 1457 convellere
575 1381 747 1457 vitiorum
772 1381 953 1482 germina,
970 1382 1203 1459 seductionis

94 1494 268 1593 pericula
280 1495 515 1595 propulsare,
524 1520 572 1571 ac
586 1496 805 1594 prospicere
819 1508 861 1571 ut
873 1496 980 1595 pueri
992 1497 1203 1596 puellaque

94 1610 147 1684 ad
174 1634 301 1686 veram
318 1610 434 1686 fidem
457 1610 693 1709 solidamque
711 1610 886 1685 virtutem
911 1610 1126 1686 accuratius
1151 1611 1205 1685 irr-

94 1723 323 1818 formemur,
349 1724 512 1823 denique
531 1750 598 1800 vos
624 1724 727 1824 ipsos
754 1725 922 1799 excitare
940 1726 990 1800 ad
1016 1725 1204 1802 Ecclesiae

87 1838 180 1937 jura
194 1851 299 1915 sarta
314 1852 420 1916 tecta
435 1841 636 1935 servanda,
647 1852 688 1914 et
704 1853 832 1939 partes
851 1840 965 1917 vestri
981 1840 1147 1916 muneris
1164 1841 1204 1917 in

98 1954 309 2031 animarum
325 1956 487 2032 salutem
505 1956 678 2032 alacriori
695 1982 816 2055 usque
830 1956 1033 2032 sedulitate
1049 1956 1204 2056 implen-

99 2070 179 2146 das.
232 2070 413 2146 Profecti)
438 2071 476 2145 in
502 2071 560 2166 iis,
576 2096 662 2169 quae
685 2070 723 2146 in
750 2071 911 2170 Synodo
929 2070 951 2146 a
968 2071 1073 2148 vobis
1095 2085 1205 2172 gesta

99 2184 316 2284 scriptaque
327 2197 428 2280 sunt,
437 2184 678 2262 libentissime
690 2186 980 2286 recognovimus
992 2186 1115 2262 zelum
1128 2212 1205 2286 quo

99 2298 319 2375 inflammati
342 2299 434 2374 estis
452 2311 495 2374 ut
518 2300 568 2374 de
584 2300 772 2376 catholice
797 2301 986 2395 Ecclesia,
1003 2301 1052 2377 de
1073 2302 1229 2392 sancti⁸

100 2412 173 2489 bac
192 2413 311 2509 Sede,
326 2436 375 2489 ac
393 2415 441 2489 de
460 2413 594 2489 vestris
613 2415 840 2490 dioecesibus
857 2415 953 2492 bend
971 2415 1201 2491 mereamini

101 2525 205 2603 Hinc
230 2539 357 2603 autem
382 2527 536 2603 firmiori
553 2527 749 2604 vobiscum
774 2552 843 2629 spe
868 2529 1020 2605 nitimur
1044 2530 1126 2604 sore
1151 2540 1207 2624 ut,

100 2640 190 2717 Deo
205 2641 301 2718 bend
313 2642 484 2742 juvante,
496 2642 632 2717 floreat
647 2642 733 2719 istic
751 2642 916 2741 quotidie
934 2643 1055 2743 magis
1073 2642 1203 2742 religio

101 2768 234 2831 nostra
245 2756 499 2850 sanctissima,
512 2768 551 2832 et
564 2756 699 2832 merito
712 2758 822 2855 juxtb
833 2769 948 2856 atque
960 2781 1119 2833 numero
1131 2758 1205 2833 Ca·

101 2868 264 2947 tholicus
282 2872 443 2970 populus
461 2884 655 2970 angeatur.
706 2872 791 2948 Nos
808 2873 966 2967 interea,
982 2873 1070 2948 licet
1086 2871 1205 2972 indig-

101 2985 151 3081 ni,
166 3010 245 3062 uon
262 2986 478 3062 desistimus
503 2986 780 3061 Fratemitates
797 2998 943 3062 vestras
961 2986 1203 3084 creditosque

101 3100 207 3178 vobis
225 3124 374 3201 greges,
390 3100 479 3175 Deo
497 3112 537 3175 et
558 3103 673 3176 verbo
691 3101 821 3200 gratim
843 3101 961 3199 ipsius
984 3100 1203 3199 suppliciter

102 3217 385 3310 commendare,
398 3241 471 3292 nec
490 3216 704 3292 dubitamus
718 3215 807 3313 quin
821 3240 888 3290 vos
902 3214 1041 3313 pariter
1054 3214 1203 3290 minime

101 3328 355 3406 intermittatis
391 3331 548 3405 Patrem
583 3329 939 3423 misericordiarum,
972 3353 1040 3426 per
1071 3329 1204 3405 Jnsmr

103 3446 310 3521 Cunrsrmr
327 3443 466 3520 Filium
484 3469 608 3539 suum,
623 3444 774 3519 fervidis
796 3443 971 3542 precibus
989 3445 1206 3536 obsecrare,

102 3571 144 3635 ut
159 3559 413 3635 infirmitatem
426 3573 597 3634 nostram
611 3559 832 3635 difficillimis
850 3558 957 3633 hisce
973 3557 1205 3655 temporibus

102 3676 172 3751 sub
188 3673 376 3749 immenso
393 3674 558 3773 supremi
575 3673 826 3772 Apostolattis
844 3673 1012 3770 pondere
1037 3672 1208 3745 laboran-

102 3804 179 3865 tem
197 3788 446 3888 omnipotenti
463 3790 530 3863 sub
546 3788 681 3862 virtute
700 3798 901 3881 sustentet,
917 3809 1127 3883 omnesque
1145 3809 1208 3861 ac·

101 3915 163 3979 tus
180 3916 334 3979 nostros
351 3903 487 4004 dirigat
504 3915 618 4000 atque
636 3903 685 3976 ad
709 3903 849 3977 bonum
867 3901 1009 3977 exitum
1026 3901 1205 3975 adducat.

101 4016 278 4117 Denique
295 4031 437 4094 nostrae
453 4018 491 4093 in
509 4042 576 4091 vos
595 4017 899 4116 propensissimae
912 4015 1113 4091 voluntatis
1132 4014 1208 4113 pig·

102 4158 173 4208 nus
197 4133 437 4233 adjungimus
462 4132 727 4232 Apostolicam
752 4131 1070 4225 benedictionem,
1093 4153 1207 4227 quam

103 4248 252 4323 eximo
279 4248 396 4324 corde
423 4249 687 4347 depromptam
713 4246 878 4322 vestrim
903 4246 1073 4347 singulm,
1093 4255 1207 4342 atque

254 4482 305 4552 ⁶24
