2820 5010
153 402 225 474 146
439 424 652 475 concrmmr
677 422 966 474 enarmoaansa

202 598 322 682 Quod
344 610 494 697 spectat
514 601 564 675 ad
581 623 764 674 novarum
786 599 946 676 Sedium
967 598 1258 698 Episcopalium

152 713 396 807 erectionem,
429 713 504 787 hoc
542 725 614 810 est,
650 712 937 807 Natehetensis,
969 713 1261 812 Dubuquensis,

151 827 425 902 Nashvillensis
440 827 460 901 a
475 826 634 926 Synodo
649 829 974 921 commendatam3
991 852 1077 903 eam
1091 830 1113 901 a
1125 828 1260 902 ssno

151 941 241 1016 Duo
254 941 399 1016 Nostro
417 942 588 1035 libenter,
601 943 761 1041 probato
777 942 819 1016 S.
834 943 1155 1042 congregationis
1169 967 1260 1017 con·

46 1099 54 1119 ·
151 1056 247 1150 silio,
263 1056 405 1132 factam
426 1082 526 1152 esse,
542 1056 681 1131 Brevia
698 1057 925 1155 Apostoliea
940 1081 1027 1155 quae
1046 1057 1097 1132 ad
1114 1054 1257 1153 Ampli-

151 1171 321 1246 tudinem
346 1183 452 1246 tuam
475 1171 584 1246 mitto
611 1172 956 1247 demonstrabunt„
986 1172 1137 1247 Eadem
1166 1171 1257 1244 Bre

151 1287 212 1361 via
222 1288 364 1363 docent
378 1288 521 1362 Sedem
536 1287 807 1386 Episcopalem
823 1287 1127 1361 Natchetensem
1138 1286 1192 1359 R.
1204 1286 1253 1359 Ι).

152 1400 309 1475 Tnonn
336 1402 508 1476 Hannon
532 1402 711 1476 collatam
733 1426 833 1495 esse,
855 1401 998 1475 Sedem
1023 1400 1255 1496 Dubuquen-

153 1540 235 1591 sem
265 1516 317 1590 R.
344 1518 393 1591 Ι).
424 1516 595 1590 Marium
626 1517 772 1610 Loans,
799 1516 944 1590 Sedem
975 1528 1103 1591 autem
1133 1514 1255 1588 Nasb-

153 1630 346 1705 villensem
371 1630 423 1704 R.
450 1630 494 1704 P.
522 1631 729 1706 Rrecnano
756 1630 900 1723 Mnus,
924 1630 1066 1704 ordinis
1096 1629 1254 1704 Petrum

153 1744 464 1838 Praedicatorum,
478 1769 565 1818 esse
582 1742 792 1820 tributam*
833 1743 1014 1842 Accipies
1033 1744 1149 1818 etiam
1167 1743 1255 1816 Bre

154 1859 213 1934 via
229 1859 457 1957 Apostolica
480 1859 538 1933 his
564 1859 696 1933 litteris
721 1882 881 1952 annexa,
897 1858 1033 1957 quibus
1060 1859 1256 1933 Sacerdos

152 1972 203 2047 D.
231 1972 409 2046 Josnnas
435 1974 603 2049 Hucnns
630 1974 842 2072 Coadjutor
866 1973 918 2049 R.
944 1972 989 2048 P.
1014 1973 1065 2047 D.
1090 1972 1257 2046 Jonnnrs

153 2085 308 2162 Duaors
325 2086 508 2186 Episcopi
526 2088 625 2162 Novi
643 2088 811 2163 Eboraci
832 2087 1062 2187 designatur.
1114 2085 1180 2161 De
1198 2086 1258 2160 ab

155 2199 344 2276 dicatione
362 2213 488 2276 autem
506 2202 557 2276 R.
573 2203 617 2277 P.
633 2202 682 2276 Ι).
697 2202 823 2296 Rasa,
840 2201 1025 2300 Episcopi
1042 2200 1259 2275 Detroiten-

155 2312 220 2408 sis,
248 2313 481 2412 accipiendi,
509 2317 569 2390 vel
599 2316 648 2390 de
679 2316 914 2414 Coadjutore
937 2315 1061 2414 potius
1080 2316 1116 2390 ei
1147 2314 1260 2390 desti·

153 2428 294 2523 nando,
312 2428 506 2506 Sanctitas
533 2430 616 2505 Sua
641 2431 868 2505 sententiam
894 2429 1141 2505 differendam
1162 2429 1261 2528 judi·

154 2543 266 2637 cavit,
283 2543 328 2619 eb
345 2545 445 2643 quod
462 2546 543 2645 ipse
562 2546 780 2644 Episcopus
806 2545 1062 2620 Detroitensis
1088 2544 1258 2619 Romam

154 2658 428 2757 quamprimdm
446 2673 624 2735 venturus
643 2662 700 2735 sit.
753 2661 891 2736 Placet
908 2659 995 2734 verb
1018 2659 1150 2733 SSffro
1168 2658 1259 2733 Dno

153 2770 298 2847 Nostro
316 2774 418 2849 illum
443 2775 587 2869 audire,
603 2776 805 2874 antequam
822 2800 903 2850 rem
925 2775 1089 2849 definiat.
1143 2774 1261 2849 Circa

155 2885 457 2985 dispensationes
488 2915 603 2988 super
634 2891 817 2965 festorum
847 2914 894 2965 ac
917 2889 1147 2988 jejuniorum
1170 2913 1260 2984 quo-

154 3003 327 3077 rumdam
345 3004 621 3097 observatione,
638 3005 727 3103 quid
747 3005 788 3078 S.
804 3003 1063 3103 Congregatio
1082 3015 1121 3077 et
1140 3003 1260 3077 Sanc·

153 3115 242 3191 titas
273 3117 355 3193 Sua
386 3119 571 3213 statuerit,
588 3119 625 3193 in
656 3118 906 3217 peculiaribus
935 3118 1113 3210 decretis,
1144 3129 1259 3215 atque

153 3232 312 3331 epistola
325 3259 439 3331 quam
456 3234 506 3308 ad
524 3233 823 3333 Amplitudinem
836 3245 941 3308 tuam
958 3233 1080 3326 mitto,
1093 3232 1259 3307 luculen-

154 3357 213 3423 ter
230 3348 470 3447 significatur.

204 3461 350 3537 Precor
367 3464 508 3556 Deum,
525 3473 598 3538 etc.

207 3605 358 3700 Romae,
372 3631 419 3680 ex
437 3605 600 3681 AEdibus
620 3607 753 3681 Sacrae
764 3603 1083 3705 Congregationis
1102 3603 1152 3677 de
1169 3602 1261 3677 Pro·

156 3720 331 3820 pagandd
348 3719 460 3813 Fide,
478 3720 538 3793 die
555 3725 581 3793 2
600 3720 836 3819 Septembris
857 3724 962 3794 1837.

154 3865 330 3940 Jncoaus
356 3864 566 3939 Pnnnrus
593 3866 715 3939 Canu.
739 3860 1117 3956 FRANSONIUS,
1138 3859 1258 3959 Praes.

536 3979 725 4053 Anneius
742 3977 888 4072 Marna,
904 3977 928 4050 ὰ
946 3978 1123 4052 Sacratis.

191 4155 207 4188 *
221 4149 356 4206 Dioecesis
368 4148 560 4206 Natchetensia
573 4149 763 4220 complectitur
774 4149 935 4222 Mbrbsippi
947 4147 1132 4203 Provinciam.

192 4236 327 4293 Dioeceais
342 4236 541 4306 Dubuquensis
553 4235 712 4290 efformatur
724 4253 758 4290 ex
772 4234 942 4290 Occidentali
956 4247 1033 4304 parte
1046 4233 1185 4288 'l'erritorii
1199 4232 1262 4287 dicti

160 4323 315 4388 Wueomin,
327 4323 401 4392 quod
415 4323 484 4377 ultra
497 4320 602 4377 flumen
615 4322 785 4394 Minbrippi,
797 4321 864 4375 citra
877 4319 981 4376 flumen
995 4320 1135 4385 mamare,
1144 4318 1228 4388 jacet.

192 4409 328 4469 Dioecesis
340 4408 542 4466 Nahrilleuais
554 4408 676 4465 conduct
688 4420 771 4465 totam
790 4409 928 4465 laruam
940 4408 1126 4464 Provinciam.
