2820 5010
436 420 669 491 urucasnrtn,
694 421 794 471 nuno
820 423 888 473 rut
1167 402 1211 470 19

111 595 203 669 bere
231 596 446 687 abnuerint3
472 619 521 671 an
549 595 625 671 hoc
654 598 964 695 abrumpendum,
993 620 1043 670 an
1072 595 1159 671 verd
1189 597 1211 669 ὲ

113 710 328 785 Sacerdote
346 710 535 785 catholico
549 711 681 808 rejecti
697 712 747 785 ad
765 711 972 785 ministrum
991 709 1210 785 haereticum

112 823 187 898 sint
204 849 291 898 sese
308 826 509 922 recepturi,
526 849 731 922 coramque
749 827 832 923 ipso
850 825 1093 917 contractui,
1110 825 1210 899 nulli

111 937 213 1012 factd
229 939 482 1013 conventione
501 940 549 1013 de
567 939 689 1012 futuri
706 940 822 1036 prole.
876 946 908 1012 5.
938 940 983 1013 Si
1008 939 1209 1036 praevidea-

112 1064 173 1126 tur
189 1066 421 1151 postremum
438 1050 513 1127 hoc
532 1053 758 1149 probabilius
772 1066 1005 1146 eventurum,
1018 1053 1210 1150 permittat

111 1167 183 1241 illis
203 1168 396 1243 Sacerdos
413 1168 625 1242 catholicus
642 1180 685 1240 ut
702 1192 831 1241 coram
849 1192 891 1241 se
909 1167 1148 1260 contrahant,
1159 1190 1209 1241 ne

110 1281 252 1355 adeant
275 1282 486 1356 ministrum
503 1281 741 1374 haereticum
766 1281 931 1356 adhibita
955 1294 1083 1355 tamen
1108 1278 1209 1378 priirs

112 1395 236 1469 debiti
256 1396 508 1492 inquisitione,
525 1420 573 1469 ne
591 1395 685 1470 sorte
704 1397 778 1469 alia
801 1397 1070 1493 impedimenta
1086 1394 1210 1468 matri·

111 1509 239 1583 monio
257 1511 421 1602 obstent,
437 1535 469 1583 v.
489 1536 523 1609 g.
543 1510 715 1584 defectus
733 1510 931 1607 Baptismi‚
947 1509 1210 1608 consanguini-

111 1634 185 1716 tas,
197 1635 263 1698 aut
279 1625 368 1721 quid
387 1625 498 1699 aliud.
543 1629 576 1698 6.
600 1625 676 1698 Hae
692 1625 832 1721 nuptiae
849 1624 1120 1698 benedicendae
1132 1646 1209 1697 non

112 1750 200 1811 eunt
212 1739 273 1812 ille
289 1739 554 1813 benedictione
567 1763 681 1836 quam
699 1739 863 1813 dandam
877 1738 1085 1835 praescribit
1101 1737 1210 1811 Ritu-

111 1851 171 1925 ale
193 1851 412 1928 Romanum
438 1854 536 1926 intra
550 1852 721 1927 Minoum
737 1877 816 1951 pro
832 1876 975 1950 sponso
992 1864 1030 1926 et
1054 1853 1208 1951 sperica

350 2223 535 2284 sessro
569 2224 712 2283 v.-nu
735 2223 971 2283 renovarat.
1090 2300 1092 2304 Α

35 2522 39 2527 ,
110 2415 294 2525 Aderant,
302 2443 449 2531 preter
465 2431 584 2530 euprd
608 2434 842 2523 comentes,
859 2431 950 2506 Rev.
969 2432 1019 2506 D.
1038 2432 1209 2507 Jocnnee

162 2545 316 2637 Balteo,
341 2545 486 2619 Pastor
512 2547 549 2618 S.
575 2545 733 2644 Josephi
743 2572 754 2634 ;
782 2557 820 2620 et
845 2545 935 2620 Rev.
962 2545 1012 2619 D.
1039 2545 1210 2621 Joonnce

167 2659 331 2758 stupor,
355 2660 501 2733 Pastor
516 2659 714 2734 Bostonii.

177 2941 226 2990 DE
255 2940 487 2991 cabinianis
513 2941 655 2992 DIVINIS
682 2942 853 3012 omens,
878 2942 925 2991 ET
951 2939 1150 2991 FESTORUM

521 3055 814 3106 OBSERVATIONE.

166 3232 222 3304 17.
248 3226 444 3304 EXIGIT
470 3231 679 3304 necessitas
697 3243 739 3306 ut
756 3231 863 3306 aliter
883 3231 1102 3305 ordinentur
1124 3231 1210 3305 divi-

112 3368 164 3419 na
180 3343 305 3419 officia
321 3344 533 3419 Dominicis
545 3369 591 3419 ac
605 3346 711 3419 festis
725 3346 871 3439 diebus,
883 3345 922 3419 in
936 3344 1148 3419 civitatibus
1161 3368 1209 3421 ec

113 3458 208 3533 locis
222 3459 285 3533 ubi
302 3460 429 3557 plures
441 3471 528 3533 sunt
546 3459 686 3534 Clerici
703 3473 769 3534 aut
786 3460 897 3533 Laici
913 3459 1040 3533 idonei
1054 3469 1093 3533 et
1109 3459 1210 3534 insti·

113 3572 184 3677 tuti
208 3573 259 3646 ad
286 3585 440 3648 cantum
468 3585 508 3648 et
534 3572 676 3670 reliqua
700 3574 828 3647 altaris
854 3574 1077 3666 ministeria3
1103 3574 1210 3647 aliter

113 3685 213 3779 vero,
228 3687 291 3761 ubi
316 3688 451 3762 unicus
477 3699 536 3760 est
562 3689 756 3782 sacerdos,
772 3712 847 3763 nee
863 3688 936 3762 ulla
960 3687 1140 3761 facultate
1157 3687 1209 3784 inf

113 3813 278 3876 structus
296 3802 346 3876 ed
363 3801 488 3876 officia
505 3802 629 3874 divina
652 3802 869 3876 solemniter
885 3802 1111 3899 peragenda.
1163 3800 1210 3874 In

113 3917 297 4014 prioribus
325 3917 394 3990 illis
423 3916 530 4008 locis,
557 3915 649 3988 hora
675 3928 931 4013 competente,
960 3916 1210 3990 decantentur

113 4029 274 4104 Litauiae
304 4029 532 4103 Lauretanae
561 4028 604 4102 B.
635 4029 811 4129 VirginiS,
838 4030 949 4129 hujus
979 4029 1207 4104 Dioecescos

114 4142 293 4218 Petronia
319 4143 551 4241 principalis3
585 4143 719 4239 quibus
746 4143 873 4237 finitis,
900 4142 1117 4217 solemniter
1143 4143 1210 4218 fiat

113 4259 282 4358 aspersio
300 4281 409 4356 aquae
424 4258 648 4351 benedictae,
665 4271 706 4331 ut
723 4258 762 4332 in
778 4256 928 4333 Missali
945 4259 1206 4356 praescribitur.

115 4372 234 4447 Dein·
248 4372 373 4446 Missa
401 4396 488 4447 cum
518 4385 633 4447 cantu
663 4372 881 4448 solemniter
908 4373 1136 4466 celebretur3
1171 4387 1211 4446 et
