2820 5010
177 367 252 437 ata
464 386 674 437 conclama
700 387 987 439 aaurruoaausa

419 607 705 772 'arenam
743 678 1020 774 conum.

177 905 209 982 t
301 895 1376 1007 ATRES,ardentibusvotis,plausuconsensoria&B

316 1020 494 1114 unanimi,
506 1021 551 1093 B.
565 1020 730 1094 Maamu
743 1021 942 1095 Vracmau
960 1045 1045 1095 sina
1062 1044 1161 1095 unas
1175 1021 1312 1098 Con-
1320 1030 1384 1082 1·

180 1160 327 1211 carran
352 1137 390 1211 in
415 1137 622 1211 Patronem
643 1136 833 1212 Americae
856 1137 1072 1212 Foederatae
1095 1138 1381 1213 Statuerat!

178 1251 395 1351 elegenmt3
419 1252 518 1326 nulla
534 1263 662 1325 tamen
684 1251 837 1326 inducta
853 1250 1080 1351 obligatione
1096 1243 1380 1327 audiendi-‘i

177 1366 333 1439 missam
358 1377 398 1440 et
423 1366 443 1439 a
468 1365 661 1439 servilibus
687 1365 863 1463 operibus
887 1365 1102 1441 abstinendi
1127 1366 1167 1441 in
1192 1366 1375 1465 ipson

176 1479 276 1554 festo
303 1478 575 1576 Conceptionis
605 1479 650 1553 B.
676 1478 830 1554 Mariae:
859 1493 972 1577 atque
999 1479 1085 1554 ideo
1113 1480 1369 1556 Summo-0

177 1592 354 1669 Pontifici
378 1594 564 1668 humiliter
581 1593 868 1692 supplicandum
890 1606 933 1669 ut
954 1594 1189 1690 solemnitas,
1206 1589 1363 1670 nisi‘i

177 1707 315 1782 festum
328 1709 365 1782 in
379 1708 620 1782 Dominicam
634 1709 820 1802 inciderit,
830 1708 1077 1784 transferatur
1087 1708 1128 1785 iu
1145 1709 1356 1785 Domi--

176 1823 300 1898 nicam
318 1822 484 1921 proxime
498 1835 732 1920 sequentem,
744 1823 783 1898 in
796 1826 868 1922 qua
879 1823 1017 1917 missae,
1028 1837 1108 1898 tam
1120 1824 1273 1923 privata

177 1938 287 2035 quam
310 1937 515 2032 solemnes,
538 1938 586 2011 da
609 1937 708 2012 festo
731 1937 794 2012 illo
817 1938 999 2012 translato
1021 1939 1273 2031 celebrentur,

175 2051 503 2149 vespertinumque
520 2052 684 2128 officium
702 2053 750 2127 da
767 2053 905 2127 eodem
920 2051 1111 2128 recitetur.

226 2165 278 2240 II.
306 2167 548 2241 Censuerunt
565 2164 702 2241 Patres
716 2166 899 2241 orandam
910 2191 997 2242 esse
1016 2166 1058 2240 S.
1074 2167 1221 2242 Sedem
1232 2179 1273 2242 ut

176 2281 473 2356 declarationem
488 2281 578 2355 edat
595 2306 664 2379 pro
679 2281 850 2356 Statibus
863 2281 1054 2356 Americae
1067 2280 1273 2380 Septentri

175 2396 296 2469 unalis
323 2395 551 2489 Foederatis,
572 2397 644 2492 qud
668 2407 855 2469 statuatur
880 2394 1053 2471 Clericus
1078 2394 1117 2469 in
1142 2394 1273 2489 sacris,

175 2510 369 2584 ordinatos
383 2509 490 2582 titulo
505 2509 705 2602 missionis,
718 2520 757 2582 et
773 2509 1013 2585 Dioecesibus
1027 2507 1135 2583 hisce
1148 2509 1273 2584 addic-

176 2637 249 2718 tos,
262 2651 332 2698 nos
351 2650 465 2722 posse
481 2625 623 2720 absque
638 2622 828 2697 Ordinarii
841 2624 899 2697 sui
916 2623 1063 2698 licentia
1080 2623 1117 2696 in
1131 2623 1271 2722 scripto

176 2741 274 2833 data,
285 2739 499 2836 religiosum
512 2736 680 2810 ordinem
692 2736 848 2836 ingredi,
859 2740 970 2835 prout'
977 2738 1057 2835 jam
1069 2737 1271 2836 Episcopis

175 2853 429 2927 Vincennensi
448 2866 487 2925 et
505 2852 869 2949 Ludovicopolitano
888 2853 930 2924 S.
944 2852 1203 2950 Congregatio
1220 2878 1272 2926 re

177 2968 336 3063 scripsit.

226 3082 298 3154 III.
327 3083 568 3155 Ceusuerunt
592 3080 728 3154 Patres
747 3081 953 3178 optandum
971 3104 1058 3153 esse
1076 3093 1129 3172 ut,
1146 3080 1271 3155 statim

175 3209 289 3293 atque
308 3196 510 3269 Ordinatio
529 3194 821 3292 uniuscujusque
840 3194 1027 3269 Dioecesis
1045 3194 1135 3268 utile
1153 3195 1272 3270 vuum

175 3312 297 3403 fuerit,
315 3311 629 3408 proclamationes
648 3335 731 3407 quae
754 3311 889 3383 Banna
906 3309 1033 3383 vocari
1057 3308 1193 3403 solent,
1210 3309 1272 3384 ha·

174 3428 334 3500 beantur
347 3438 385 3498 et
398 3426 489 3497 fiant
503 3437 590 3497 ante
605 3424 897 3497 celebrationem
911 3422 1272 3517 Matrimoniomm*,

169 3544 279 3640 juxta
296 3551 461 3614 mentem
480 3539 737 3613 Conciliorum
762 3537 1031 3613 lateranensis
1053 3549 1092 3611 et
1112 3537 1270 3614 Triden-

175 3656 251 3729 tini.

224 3770 290 3842 IV.
319 3770 513 3842 statutum
528 3778 587 3840 ost
604 3767 731 3842 stricte
744 3766 967 3842 inhibendos
982 3791 1069 3841 esse
1086 3765 1269 3842 Pastores

173 3884 380 3957 animarum
399 3884 445 3954 ab
462 3882 781 3955 administratione
800 3892 1123 3955 sacramentorum
1139 3880 1271 3955 Matri

174 3998 285 4070 monii
303 4008 342 4068 at
360 3996 543 4091 Baptismi
561 3993 754 4070 Fidelibus
773 4021 821 4070 ex
838 3996 918 4069 aliis
936 3994 1191 4089 Dioecesibus,
1208 3995 1270 4092 qui

173 4140 220 4187 ea
238 4113 257 4185 a
276 4111 424 4207 proprio
444 4111 604 4185 Pastore
623 4112 729 4187 sacild
748 4112 918 4209 recipere
936 4122 1102 4208 possent.

207 4287 220 4317 *
241 4285 283 4337 Er
299 4298 427 4351 responso
443 4283 471 4336 S.
486 4283 722 4352 Congregationis‚
736 4283 808 4352 quod
830 4283 910 4348 infra,
923 4283 985 4347 253,
998 4282 1155 4353 reperietur,
1170 4282 1268 4336 &nna

170 4372 252 4426 etiam
268 4369 502 4423 niatrimcaiomm
515 4367 662 4422 mixtorum
677 4380 741 4423 sunt
753 4369 955 4440 proclamanda.
