2820 5010
586 344 816 395 rnunsmuu.
1144 330 1148 356 '
1204 323 1251 395 57

203 520 320 595 Hanc
345 544 435 594 vero
463 520 504 593 8.
524 519 841 619 congregationis
868 519 1095 594 sententiam
1124 518 1259 593 ssmo

154 634 244 709 Dno
261 633 405 709 Nostro
432 633 506 707 Pro
532 633 612 707 ΡΡ.
631 634 691 707 IX
711 635 759 708 ab
776 633 1016 731 infrascripto
1035 632 1254 710 Secretario

153 752 312 826 relatam
346 750 384 823 in
414 749 621 824 Audientia
650 749 723 824 diei
758 755 781 823 5
817 748 1054 847 Septembris
1083 748 1256 847 ejusdem

153 865 255 959 anni,
272 863 466 938 Sanctitas
494 863 576 937 Sua
600 876 721 937 ratam
746 861 890 957 habuit,
909 886 956 937 ae
983 862 1182 937 decretum
1208 885 1256 936 ea

155 979 204 1053 de
222 1002 263 1051 re
281 975 448 1077 expediri
465 975 644 1074 permisit.

204 1091 349 1165 Datum
365 1090 517 1182 Romae,
528 1114 575 1164 ex
592 1089 755 1173 AEdibus
770 1091 882 1166 dictae
900 1090 943 1164 S.
964 1090 1009 1164 C.
1022 1090 1071 1164 de
1088 1088 1254 1190 Propag.

155 1206 266 1300 Fide,
283 1205 344 1281 die
361 1209 411 1279 26
429 1204 666 1302 Septembris
687 1209 793 1278 1852.

468 1332 505 1407 J.
524 1332 598 1407 ΡΗ.
619 1334 741 1408 Ceno.
761 1332 1066 1427 FRANSONI,
1083 1330 1207 1430 Praef.

683 1463 754 1537 An.
774 1463 973 1556 Busnrso,
989 1489 1015 1538 α
1032 1463 1208 1538 secretis.

551 1792 875 1810 rxaxaexrvvxutvvvxtvxn
881 1796 888 1807 o

530 2036 893 2130 DECREIUM

157 2286 233 2342 Quo
258 2283 511 2335 Pnonounrun
537 2283 726 2334 rncubrns
745 2283 916 2334 Anunros
943 2284 1074 2334 EADEM
1102 2285 1147 2335 Ac
1173 2285 1259 2335 PAR·

436 2397 558 2448 vULos
585 2398 714 2447 FORMA
739 2398 976 2449 BAPTIZANDI.

235 2582 643 2662 RCHIEPISCOPI
673 2593 712 2656 et
745 2582 929 2682 Episcopi
963 2582 1129 2658 Plenarii
1157 2583 1258 2657 Con·
1390 2664 1393 2669 .

269 2699 343 2774 oilii
377 2696 664 2773 Baltimorensis
700 2697 871 2770 SSr‘num
904 2698 1034 2773 Dnum
1068 2696 1252 2772 Nostrum

156 2813 263 2887 Pron
288 2813 369 2887 ΡΡ.
397 2812 457 2885 IX
483 2811 761 2885 obsecrandum
787 2822 1018 2885 censuerunt
1042 2821 1096 2905 ut,
1113 2836 1258 2909 permo-

155 2927 330 3001 nentibus
361 2925 487 3000 adhuc
518 2924 644 2999 causis
675 2926 723 2998 ob
755 2949 850 3022 quas
881 2948 934 2998 sa.
967 2950 1038 2999 me.
1071 2926 1256 3002 decessor

10 3076 13 3081 ·
158 3041 238 3138 ejus
257 3041 354 3116 Pius
371 3039 452 3114 ΡΡ.
468 3037 579 3133 VIII,
596 3038 791 3112 decretum
810 3039 851 3112 S.
871 3039 1187 3138 congregationis
1209 3041 1257 3115 de

153 3154 317 3253 Propeg.
348 3153 446 3229 Fide
475 3152 689 3251 approbans
721 3152 781 3225 die
812 3156 861 3226 26
895 3152 1132 3251 Septembris
1163 3155 1251 3229 anni

162 3272 269 3363 1830,
286 3267 416 3342 annuit
440 3279 482 3341 ut
506 3266 543 3339 in
569 3265 795 3363 baptismate
812 3266 1026 3340 adultorum
1052 3266 1084 3340 is
1110 3268 1257 3342 brevior

158 3383 465 3460 caeremoniarum
479 3382 573 3455 ordo
585 3379 754 3455 adhiberi
767 3381 817 3456 ad
834 3381 962 3480 viginti
979 3406 1100 3456 annos
1114 3396 1258 3481 posset,

155 3484 220 3595 'qui
244 3498 283 3571 in
300 3497 445 3571 Rituali
471 3495 650 3569 Romano
669 3496 718 3569 ad
743 3494 992 3593 baptizandos
1010 3521 1148 3595 pucros
1166 3522 1257 3596 prae

158 3610 343 3704 scribitur,
359 3610 544 3684 indultum
569 3607 785 3706 hujusmodi
809 3633 938 3683 rursus
956 3635 1162 3710 prorogare
1179 3611 1258 3710 dig·

157 3734 319 3798 naretur.
371 3721 555 3796 Precibus
581 3720 663 3794 istis
688 3720 815 3795 relatis
834 3723 881 3796 ab
908 3722 1011 3801 Effio
1028 3748 1075 3799 ac
1101 3723 1254 3798 Revmo

155 3840 206 3913 D.
225 3839 438 3913 Rarunsus
457 3836 650 3912 Cardinali
667 3837 845 3910 Fonnrnr
863 3836 901 3911 in
915 3839 1081 3936 generali
1099 3840 1140 3913 S.
1157 3841 1258 3915 Con·

157 3951 385 4051 gregationis
412 3961 602 4026 conventu
626 3948 755 4025 habito
783 3949 842 4025 die
869 3954 918 4023 30
951 3952 1116 4051 Augusti
1146 3957 1256 4048 1852,

156 4065 246 4139 Emi
279 4064 674 4139 Patrescensuerunt
699 4064 987 4162 supplicandum
1022 4065 1153 4139 SSmo
1188 4092 1256 4168 pro

155 4178 289 4254 indulti
314 4177 580 4277 prorogatione
598 4177 647 4251 ad
674 4176 981 4275 quinquennium,
997 4191 1112 4277 atque
1137 4181 1190 4255 ita
1214 4194 1256 4257 ut

154 4293 302 4367 interim
336 4291 521 4391 Episcopi
554 4292 732 4390 paulatim
768 4293 817 4367 ad
852 4295 1129 4369 observantiam
1163 4296 1255 4371 ritus

302 4412 325 4481 8
