2820 5010
541 413 792 465 raovrncrnnn
819 414 852 465 v.
1170 395 1246 466 223

156 587 259 664 cibus
275 589 359 689 ejus
376 588 541 688 dejicere
558 589 697 665 conari.
751 590 841 666 Hoc
864 602 906 664 ut
923 590 1099 686 efficiant,
1114 590 1248 666 dubias

155 713 287 778 contra
308 727 381 779 nos
402 702 441 778 in
458 703 592 804 vulgus
609 728 724 779 voces
746 716 945 803 spargunt3
970 705 1084 780 libros
1101 704 1165 802 qui
1188 729 1249 780 ca-

154 816 380 892 lumniantur
395 816 673 893 sanctissimam
691 817 931 917 Religionem
949 829 1130 913 nostram,
1147 818 1249 893 omni

152 929 235 1005 abu
258 932 361 1029 apud
383 931 498 1007 rudes
521 931 747 1032 ignarosque
772 932 980 1031 divulgant3
1005 957 1134 1007 servos
1156 957 1248 1007 suos

154 1044 376 1121 Catholicos
394 1046 579 1121 haeresum
593 1070 745 1120 suarum
759 1071 904 1120 veneno
918 1058 959 1120 ut
976 1046 1142 1120 inficiant
1158 1045 1248 1120 nihil

154 1156 336 1234 intactum
360 1155 585 1257 relinquunt,
608 1171 827 1258 patremque
852 1185 960 1233 suum
984 1159 1047 1256 qui
1072 1162 1119 1233 ab
1144 1159 1248 1235 initio

154 1271 319 1349 mendax
334 1272 404 1348 suit
419 1272 621 1368 imitantes,
634 1297 705 1348 nos
720 1273 942 1348 Catholicos
956 1272 1133 1348 concives
1147 1297 1251 1368 suos,

155 1385 323 1483 quamvis
359 1397 486 1485 patres
520 1387 639 1462 nostri
673 1387 894 1487 sanguinem
930 1411 1039 1461 suum
1072 1387 1249 1484 tanquam

154 1523 292 1599 aquam
309 1500 542 1599 profuderint
565 1527 633 1600 pro
651 1502 901 1576 vindicatione
919 1501 1097 1575 libertatis
1115 1514 1250 1576 contra

154 1638 420 1714 oppressorem
446 1615 713 1710 acatholicum,
737 1615 930 1691 Gubemio
958 1626 1159 1713 suspectos
1187 1616 1250 1690 ob-

153 1727 363 1826 noxiosque
374 1728 698 1827 reddere,utpote,
708 1741 749 1803 ut
759 1729 853 1804 salso
864 1729 1125 1823 asserunt‚sub
1139 1728 1251 1802 alieni

154 1842 345 1943 principis,
359 1842 558 1918 Pontificis
576 1843 722 1919 scilicet
743 1843 924 1938 Romani,
941 1843 1080 1917 ditione
1102 1841 1252 1941 politica

154 1968 192 2032 et
209 1957 308 2032 civili
327 1957 365 2031 in
386 1956 603 2032 servitutem
624 1958 815 2051 redactos,
832 1957 993 2053 ideoque
1015 1955 1251 2054 Reipublicae

154 2070 302 2146 infidos.
346 2071 429 2146 Sed
440 2095 519 2146 non
532 2083 592 2145 est
604 2071 800 2170 sapientia,
809 2096 885 2144 non
900 2082 959 2143 est
971 2070 1150 2144 fortitudo
1164 2095 1253 2145 con-

153 2184 442 2261 traDominum.
481 2186 608 2260 Vitam
619 2211 820 2282 moresque
833 2197 984 2259 nostros
997 2185 1253 2284 inspicientes,

154 2299 278 2398 palam
291 2324 422 2375 coram
436 2299 608 2375 omnibus
623 2300 844 2398 profitentur
856 2299 1097 2398 Religionem
1112 2300 1252 2374 Catho

155 2413 266 2489 dcam
280 2413 382 2488 omni
399 2413 593 2490 societatis
607 2413 724 2489 civilis
738 2414 865 2507 statui,
877 2413 979 2487 omni
996 2415 1098 2510 quod
1116 2438 1251 2512 pacem
1290 2415 1292 2418 ’

155 2526 449 2626 felicitatemque
478 2528 702 2627 populorum
733 2539 930 2626 promovet
957 2528 1137 2626 gubernio
1165 2551 1252 2602 esse

154 2642 496 2719 accommodatam.
540 2641 644 2717 Hinc
659 2641 831 2739 estquod
848 2641 886 2715 in
903 2642 1038 2738 laqueo
1053 2667 1166 2738 quem
1183 2668 1252 2742 pro

154 2756 293 2832 nostris
319 2768 556 2855 paraverrmt,
578 2755 709 2831 irretiti
735 2768 823 2831 sunt
848 2758 966 2855 pedes
990 2781 1135 2848 eorum,
1151 2767 1189 2830 et
1214 2758 1252 2832 in

155 2882 310 2969 puteum
333 2895 447 2968 quem
472 2894 540 2969 pro
565 2870 673 2945 nobis
697 2870 920 2964 effoderunt,
936 2869 1019 2967 ipsi,
1035 2870 1088 2944 ita
1105 2869 1251 2946 vindice

155 2997 287 3060 nostro
305 2984 455 3060 volente
472 2983 819 3079 Deo,cecider1mt.

205 3099 304 3175 Haec
321 3111 423 3193 sunt,
438 3098 672 3173 Bnnrrssrus
695 3100 841 3193 Parsa,
857 3123 940 3196 quoe
957 3100 1006 3172 ad
1029 3099 1251 3176 Sanctitatis

155 3213 305 3288 Vestrae
315 3214 433 3312 pedes
445 3214 635 3311 deponere
643 3215 840 3286 voluerunt
850 3212 1144 3286 obedientissimi
1155 3213 1252 3287 Ban-

156 3351 349 3402 rrrunrms
365 3327 530 3403 Vssrara
547 3327 623 3421 filii,
639 3327 817 3425 praesules
836 3326 1024 3400 Americae
1046 3326 1252 3424 Septentri-

156 3419 277 3516 orialis
301 3440 528 3536 Foederata,
544 3441 581 3515 in
599 3441 728 3538 quinto
747 3467 816 3515 suo
835 3440 1008 3516 Concilio
1026 3440 1252 3516 Provinciali

156 3555 391 3654 congregati,
406 3555 716 3629 commendantes
735 3580 776 3628 se
795 3579 960 3651 suosque
977 3579 1109 3628 omnes
1132 3555 1252 3631 Sanc·
1293 3569 1298 3576 ’

154 3668 254 3744 titati
277 3668 438 3762 Vestrae,
458 3668 761 3744 benedictionem
786 3669 867 3768 ejus
893 3668 1157 3766 Apostolicam
1186 3670 1251 3746 hu-

155 3782 305 3859 millime
326 3782 587 3882 efflagitantes,
604 3784 805 3880 Deumque
827 3782 1021 3881 optimum,
1037 3782 1253 3880 maximum,

156 3896 264 3974 enixe
282 3898 531 3997 deprecantes
557 3907 598 3971 ut
623 3898 704 3971 dies
727 3922 839 3996 super
863 3897 1086 3971 Sanctitatis
1104 3898 1253 3974 Vestrae

155 4013 238 4090 dies
264 4012 430 4112 adjiciat,
446 4011 583 4108 diuque
601 4012 782 4110 sospitem
805 4012 1028 4108 felicemque
1052 4025 1252 4088 conservet

157 4152 226 4227 pro
244 4151 354 4227 pace,
369 4127 523 4219 decore,
535 4139 751 4226 augmento,
767 4125 1098 4222 incolumitateque
1117 4126 1252 4202 Eccle

157 4243 235 4338 siae,
250 4266 364 4340 quam
381 4241 577 4337 acquisivit
594 4240 775 4340 sanguine
793 4240 879 4315 Filii
896 4239 966 4334 sui,
982 4239 1136 4315 Patrem
1153 4240 1251 4315 Nos·

156 4370 256 4434 uum
273 4358 511 4431 Gereonium
528 4354 634 4430 XVI.
