2820 5010
156 363 228 434 134
439 382 650 432 coucrmuru
679 383 968 433 nrnrrnonnnss

154 558 255 634 diam
285 582 407 653 suam,
434 573 549 656 atque
576 557 752 633 ineffabili
782 558 1024 634 Providentid
1054 559 1250 636 Ecclesias

152 674 271 751 hasce
296 687 460 769 nostras,
476 674 555 749 sive
584 686 801 769 nascentes,
821 675 900 750 sive
925 676 1053 752 adbuc
1078 676 1253 772 infantes,

153 789 232 864 sive
258 790 538 883 adolescentes,
555 790 634 865 sive
660 790 774 864 etiam
794 791 876 889 jam
894 791 1058 885 adultas,
1075 803 1189 867 scuto
1205 791 1254 866 in·

153 904 392 1002 expugnabili
425 904 605 1002 potentiae
637 929 717 978 suae
750 905 924 1002 protexit
976 904 1071 988 Quo
1100 905 1255 1004 impetn,

152 1019 226 1113 qui
250 1018 423 1112 versutid,
440 1042 591 1115 quoque
617 1030 758 1092 conatu
789 1031 910 1115 portae
936 1018 1044 1092 inferi
1074 1019 1254 1094 adversius

152 1131 234 1207 illas
252 1132 352 1231 apud
378 1156 449 1206 nos
466 1132 702 1207 incessanter
724 1131 982 1230 pugnaverint,
1000 1132 1254 1208 Sanctitatem

153 1245 332 1320 Vestram
349 1245 498 1320 minime
513 1246 631 1320 latere
649 1245 889 1321 arbitramur:
910 1246 1144 1321 monasteria
1157 1247 1256 1321 llam·

153 1359 224 1434 mis
249 1360 399 1454 adusta,
423 1372 658 1435 mortuorum
684 1361 862 1458 sepulcra
886 1360 1038 1454 violata,
1062 1384 1256 1437 sacrarum

154 1475 335 1574 virginum
352 1475 534 1569 instituta,
551 1475 654 1550 Cleri
676 1476 881 1574 populique
898 1475 1078 1551 catholici
1095 1476 1256 1551 universi

152 1614 279 1664 mores
293 1590 490 1665 calumniis
505 1590 554 1664 ad
568 1613 751 1664 nauseam
763 1614 885 1687 usque
898 1589 1082 1687 repetitis,
1092 1601 1133 1664 et
1147 1589 1254 1691 longe

153 1705 304 1802 lateque
337 1703 542 1778 innumeris
576 1703 911 1801 impudentissimis
945 1703 1078 1778 libellis
1113 1703 1255 1779 diffusis

152 1818 329 1916 impetiti3
352 1831 497 1893 sanctae
513 1816 643 1891 matris
662 1817 852 1893 Ecclesiae
866 1817 1059 1916 dogmata,
1073 1815 1257 1911 doctrina,

154 1933 272 2031 lagos,
292 1932 398 2026 ritus,
418 1931 728 2029 disciplinatum
750 1956 859 2025 voce,
881 1942 962 2006 tum
988 1931 1155 2028 scriptis,
1178 1943 1256 2007 tum

154 2045 315 2144 publice,
331 2058 411 2120 tum
438 2045 592 2143 private,
608 2060 688 2120 tum
712 2045 826 2139 libris,
842 2057 923 2120 tum
940 2043 1144 2143 periodicis
1161 2044 1257 2120 foliis

154 2159 385 2258 impugnata,
402 2172 440 2233 et
458 2159 479 2233 ὲ
496 2160 647 2257 privatis
665 2159 891 2254 hominibus,
903 2171 943 2233 et
959 2158 981 2232 ir
999 2158 1256 2234 Societatibus

154 2298 203 2348 eo
220 2274 295 2348 fine
312 2274 490 2348 institutis
508 2286 551 2349 ut
575 2273 735 2373 pecunia
755 2274 944 2372 opertique
961 2274 1029 2347 suri
1047 2272 1259 2349 Catholicae

154 2387 344 2487 religionis
370 2387 596 2485 profectum,
614 2412 854 2485 quocumque
879 2386 997 2461 modo
1020 2387 1101 2461 fieri
1126 2387 1259 2486 possit,

154 2501 369 2601 impediant.
422 2501 520 2576 Haec
542 2501 682 2595 omnia,
698 2501 933 2575 anrrssrun
958 2500 1258 2595 PuramEccle

154 2615 219 2690 siis
244 2614 397 2709 nostris,
416 2613 455 2688 in
480 2614 695 2713 regionibus
721 2615 815 2708 istis,
838 2627 985 2690 certum
1010 2614 1258 2712 ultimumque

155 2731 416 2807 exterminium
441 2729 603 2803 minitari
620 2729 858 2821 videbantur3
883 2729 953 2803 sed
978 2743 1138 2803 nonest
1164 2729 1258 2827 sapi·

155 2846 270 2940 entia,
290 2870 366 2920 non
393 2856 452 2918 est
477 2844 690 2942 prudentia,
705 2869 783 2918 non
811 2857 870 2917 est
899 2843 1098 2918 consilium
1124 2857 1259 2918 contra

154 2960 372 3035 Dominum.
426 2959 586 3057 Sagittae
616 2959 854 3056 parvulorum
884 2959 1111 3034 factasunt
1138 2960 1260 3060 plagae

156 3100 300 3168 eorum,
316 3087 355 3148 et
371 3073 567 3147 infirrnatae
593 3085 680 3147 sunt
698 3085 833 3147 contra
858 3097 926 3147 eos
948 3073 1084 3171 linguoe
1110 3098 1258 3149 eorum:

156 3189 313 3284 laqueus
328 3214 440 3286 quem
458 3188 567 3263 nobis
586 3199 810 3285 paraverant
824 3187 1113 3285 comprehendit
1126 3212 1209 3281 eos
1222 3201 1260 3263 et

155 3303 368 3379 inciderunt
381 3303 419 3377 in
432 3302 581 3376 foveam
595 3326 708 3398 quam
722 3301 910 3394 fecerant3
928 3315 968 3375 et
985 3299 1125 3375 nedbm
1140 3302 1260 3378 Sanc·

155 3429 206 3492 tae
231 3417 420 3493 Ecclesiae
445 3441 522 3490 non
547 3428 773 3509 nocuerunt,
789 3415 858 3489 sed
880 3415 930 3489 ad
955 3415 1051 3490 illius
1077 3441 1260 3517 propagu-

156 3530 299 3605 tionem
316 3543 355 3604 et
373 3529 529 3628 gloriam
547 3529 648 3622 odio,
665 3529 811 3623 invidia,
827 3529 1024 3605 calumniis
1042 3530 1164 3629 magis
1179 3556 1260 3629 pro

155 3644 319 3737 fuerunt,
336 3643 446 3740 quam
468 3643 499 3715 si
517 3643 716 3717 conatibus
738 3644 815 3717 suis
838 3667 993 3741 operam
1011 3643 1061 3717 ad
1082 3644 1180 3719 illius
1199 3644 1260 3720 de

155 3758 366 3833 sensionem
390 3757 648 3831 contulissent.
700 3757 796 3831 Inde
814 3757 957 3832 factum
980 3771 1053 3852 est,
1069 3771 1112 3833 ut
1130 3760 1260 3835 verita·

156 3887 234 3949 tem
264 3873 286 3947 b
314 3872 591 3970 sapientissimo
626 3897 841 3973 magnoque
876 3874 1066 3950 Ecclesiae
1100 3874 1260 3951 doctore

118 3992 124 4004 '
157 3987 373 4088 Augustino
393 3988 474 4086 jam
495 3988 768 4086 proclamatam
785 3990 931 4086 experti
954 3989 1088 4065 simus:
1114 3990 1263 4065 “Novit

156 4103 266 4178 Deus
293 4103 474 4177 debonis
500 4103 600 4177 mala
624 4103 765 4197 facere,
782 4104 892 4201 quam
918 4104 1019 4178 mala
1043 4105 1147 4179 nulla
1173 4129 1260 4179 esse

157 4216 409 4317 permittere.’'
457 4218 694 4318 Dogmatum
711 4218 984 4294 catholicorum
1003 4218 1185 4313 veritatis,
1201 4243 1262 4294 ec·

157 4332 455 4431 clesiasticaeque
490 4333 697 4430 disciplina
726 4333 939 4409 sanctitatis
972 4344 1187 4409 assertores
1221 4345 1262 4408 et
