2820 5010
153 379 230 450 Μ
439 397 650 448 cononum
677 395 963 446 aturruonsnsn

154 587 250 668 rant,
262 574 326 649 filii
342 574 614 673 regrediuntur,
626 583 665 646 et
677 574 725 648 ab
739 569 998 647 amantissimo
1014 568 1135 644 Patre
1147 589 1243 666 aper·

153 689 201 763 tis
224 688 387 765 brachiis
405 688 717 786 complectuntur.
769 684 1001 761 Tristissimi
1023 682 1126 758 enim
1142 705 1247 780 expe·

154 802 286 877 rientiri
307 801 398 900 ipsis
417 803 499 900 jam
522 813 674 876 constat
699 800 797 875 sieut
821 812 861 874 et
885 797 1037 894 ceteris,
1058 798 1135 873 alti
1157 819 1248 872 voce

154 916 352 992 nobiscum
375 916 656 990 consentientes
683 915 918 1012 proclamant
941 912 1089 988 radium
1112 911 1135 985 i
1160 911 1250 1004 sola,

155 1055 300 1105 ramum
317 1032 364 1106 ab
378 1031 559 1125 arborei
575 1031 678 1105 fonte
695 1030 826 1123 rivum,
838 1031 1123 1126 membrumque
1137 1026 1161 1101 a
1173 1049 1250 1101 cor·

154 1170 247 1244 pore
271 1158 499 1245 separatum,
520 1145 699 1245 extingui,
720 1144 879 1240 arefieri,
901 1142 1100 1238 exsiccari,
1121 1141 1250 1217 emori.

155 1259 250 1335 Inde
272 1261 385 1336 etiam
407 1274 467 1336 est
487 1261 598 1358 quod,
614 1260 691 1335 Dei
713 1260 831 1360 adjuti
854 1259 982 1360 gratii,
996 1257 1252 1356 Deiparaquo,

154 1386 197 1449 ut
214 1374 318 1450 certo
331 1388 391 1449 est
408 1375 549 1470 dicere,
561 1375 729 1474 auspice,
742 1375 805 1472 qui
818 1374 911 1451 caeei
928 1396 1118 1450 caecorum
1131 1372 1251 1447 duces

154 1489 349 1564 constituti
371 1488 549 1588 plurimos
572 1489 611 1564 in
627 1489 775 1564 foveam
792 1490 931 1564 cadere
947 1487 1135 1580 secenmt,
1150 1509 1251 1562 nuno

153 1613 281 1678 autem
306 1605 432 1679 lumen
450 1603 615 1678 veritatis
632 1603 731 1679 felici
751 1603 877 1678 omine
897 1601 1138 1700 recipientes,
1155 1600 1251 1675 riam

153 1742 238 1815 quae
262 1718 312 1792 ad
338 1718 496 1816 patriam
521 1718 638 1811 ducit,
658 1717 716 1816 pie
741 1717 849 1793 nobis
872 1717 1107 1810 asmulantes,
1122 1714 1249 1791 adhuc

155 1832 366 1907 errantibus
384 1833 599 1906 ostendunt„

202 1945 249 2020 In
279 1945 497 2020 vastissimis
524 1945 612 2020 verri
641 1944 855 2044 regionibus
884 1942 1082 2019 humilitati
1109 1953 1250 2019 nostroe

152 2058 378 2153 commissis,
394 2059 470 2133 Dei
493 2070 532 2133 et
553 2058 789 2157 Apostolicae
809 2057 923 2134 Sedis
944 2056 1074 2157 gratii,
1094 2057 1248 2133 verbum

152 2172 229 2247 Dei
250 2173 365 2249 currit
382 2186 421 2248 et
442 2173 626 2247 dilatatur.
677 2172 869 2248 Numerus
890 2171 1160 2265 Sacerdotum,
1176 2169 1250 2246 Ec·

154 2285 366 2380 elesiarum,
403 2287 676 2363 institutionum
713 2286 985 2388 religiosarum,
1020 2284 1250 2379 scholarum,

153 2399 416 2499 Fideliumque
429 2401 593 2499 quotidie
611 2401 759 2477 crescit.
811 2401 865 2476 Ut
880 2399 1039 2498 simplex
1055 2423 1125 2498 pro
1143 2397 1251 2497 pluri·

154 2513 223 2589 mis
250 2516 410 2590 sufficiat
437 2516 663 2614 exemplum,
684 2515 722 2589 in
747 2516 821 2589 uni
844 2512 1027 2607 Dioecesi,
1048 2513 1147 2586 intra
1171 2525 1249 2587 tres

154 2629 211 2703 vel
229 2643 390 2726 quatuor
407 2655 540 2723 annos,
556 2629 803 2727 quadraginta
819 2641 910 2723 tres,
921 2652 998 2701 non
1015 2625 1150 2720 mimis,
1163 2651 1251 2701 con·

153 2756 306 2820 structae
324 2760 412 2819 sunt
429 2745 627 2820 Ecclesiae.
681 2745 800 2838 Oves,
815 2745 889 2819 uni
904 2744 963 2817 vel
980 2742 1097 2817 alteri
1113 2744 1250 2817 solum·

152 2860 265 2934 modd
280 2860 503 2959 exceptione
517 2860 628 2954 sacti,
640 2860 821 2934 obediunt
837 2856 1046 2957 praepositis
1063 2856 1156 2951 suis,
1169 2881 1250 2931 eos·

153 2998 226 3070 que
257 2987 481 3070 sequuntur,
511 2974 707 3073 disciplina
737 2973 997 3048 ecelesiastica
1026 2971 1064 3045 in
1094 2971 1248 3070 singulis

153 3087 379 3162 dioecesibus
406 3088 524 3186 viget3
550 3088 708 3194 secundi
733 3086 873 3162 ordinis
901 3086 1134 3160 Sacerdotes
1161 3110 1249 3161 oum

153 3199 362 3276 Ordinariis
385 3202 476 3295 suis,
492 3203 669 3298 tanquam
686 3202 841 3277 chordae
860 3201 898 3274 in
919 3200 1073 3294 cithari,
1090 3224 1249 3276 consen

151 3315 266 3408 tiunt3
300 3317 564 3413 Praesulesque
599 3316 718 3391 nostri
747 3340 879 3390 omnes
910 3339 997 3389 eum
1029 3313 1249 3412 dignissimo

153 3430 432 3529 Archipraesule
457 3442 496 3504 et
519 3431 769 3505 confratribus
793 3430 870 3504 suis
888 3428 1251 3505 concordantissimri

153 3543 374 3643 Episcopali
388 3546 581 3618 voluntate
600 3544 836 3619 conveniunt.
888 3543 961 3618 His
976 3554 1103 3617 autem
1120 3542 1250 3643 adjun-

153 3683 241 3756 gere
255 3660 358 3732 lubet
372 3684 454 3755 quae
468 3684 535 3756 pro
551 3658 791 3733 silvestribus
806 3657 1016 3732 hominibus
1030 3656 1129 3731 ultra
1138 3657 1249 3732 Mon-

152 3782 211 3845 tes
242 3772 426 3869 Ruposos
455 3772 475 3844 ri
504 3772 753 3846 Missionariis
785 3771 990 3846 societatis
1019 3770 1116 3845 Jesu
1146 3771 1250 3848 sacta

152 3897 252 3978 sunt,
269 3898 308 3958 et
331 3909 398 3982 pro
423 3884 549 3983 Nigris
573 3886 611 3960 in
628 3884 747 3985 plagis
766 3884 907 3960 Africae
924 3884 1250 3981 Occidentalibus,

152 4000 227 4097 qui,
241 3998 480 4098 praecipiente
495 4000 535 4074 S.
550 4000 668 4095 Sede,
680 4002 701 4075 ὲ
714 4001 974 4076 sacerdotibus
988 3999 1127 4075 nostris
1141 4025 1249 4077 evan·

152 4114 369 4214 gelizantur.
421 4113 573 4189 Tacere
591 4115 742 4211 quidem
766 4141 842 4189 non
860 4126 1010 4214 oportet
1033 4116 1249 4192 hostesne

152 4229 259 4304 minis
271 4228 413 4303 Christi
424 4227 708 4322 infensissimos,
719 4254 875 4326 eosque,
885 4230 999 4304 eheu!
1012 4256 1248 4325 numerosos,

152 4368 279 4420 arcem
296 4343 384 4418 fidei
401 4343 633 4443 impugnare,
650 4344 815 4442 totisque
832 4344 968 4419 viribus
986 4346 1034 4420 ab
1051 4345 1138 4421 altis
1156 4346 1249 4422 radi·
