2820 5010
197 383 246 455 68
482 402 694 455 concrmuu
721 402 1011 455 ranaruonrnsn

197 579 485 679 relinquendum
505 605 593 655 esse
610 592 653 654 ut
669 592 837 654 statuant
862 580 1015 676 quando
1038 577 1115 653 sint
1138 575 1299 677 urgendi

198 694 344 788 fideles,
360 708 402 770 ut
417 695 580 769 infantes
598 695 648 768 ad
666 694 883 769 Ecclesiam
901 695 1086 789 deferant,
1101 705 1144 767 ut
1160 691 1299 790 baptis·

199 833 283 884 mus
301 810 357 884 eis
379 811 605 885 conseratur.

248 923 295 999 ln
321 925 471 1000 decimo
497 925 659 1022 septimo
685 923 856 999 Decreto
882 923 1096 999 declaratur
1121 920 1302 1019 Iasaatea

197 1036 522 1133 daatbolicomm,
546 1064 644 1136 qaae
667 1040 744 1138 ipsi
766 1050 953 1137 parentes
978 1038 1160 1135 afferant,
1182 1037 1303 1136 bapti-

197 1153 345 1229 zandos
362 1178 446 1229 erra
462 1156 612 1252 quoties
627 1153 845 1253 probabilis
862 1152 1025 1252 affulget
1040 1179 1129 1253 apes
1146 1152 1304 1227 eatbalt'-

199 1292 255 1344 ra
284 1294 419 1344 eoram
451 1270 704 1344 educationis.
756 1267 861 1342 Huic
894 1267 1080 1363 Decreta,
1108 1279 1224 1366 prout
1258 1265 1300 1341 S.

200 1383 459 1484 Congregatio
479 1384 677 1483 Supremas
694 1382 950 1479 Inquisitionis
968 1384 1073 1480 (serii
1089 1386 1127 1477 4,
1143 1387 1189 1455 12
1208 1382 1303 1479 Sep

201 1498 357 1573 tembris
397 1501 509 1594 1827)
534 1497 678 1591 statuit,
707 1498 924 1572 addendum
958 1511 1034 1573 est:
1076 1497 1304 1573 Garaadam

198 1624 330 1688 aretem
351 1609 506 1687 omnini
528 1624 573 1686 at
597 1612 801 1705 Patri-aua,
818 1613 877 1685 ael
896 1610 1090 1706 Matrica,
1105 1613 1212 1709 tique
1233 1609 1304 1684 Ga·

200 1727 333 1803 tholioi
348 1728 573 1803 habeantur.
626 1726 730 1801 Addi
746 1739 931 1825 praeterea
950 1727 1077 1821 debet,
1088 1726 1152 1801 ubi
1169 1736 1305 1825 agatur

200 1840 250 1917 de
274 1840 477 1917 infantibus
509 1841 772 1916 haeretieorum
801 1841 839 1916 in
864 1841 996 1916 mortis
1026 1841 1209 1940 periculo,
1234 1865 1303 1917 eos

199 1956 382 2054 baptizari
399 1981 477 2030 non
494 1956 607 2031 modb
625 1980 753 2055 posse,
769 1957 839 2032 aad
853 1958 972 2032 etiam
988 1957 1132 2031 debere.

249 2070 297 2146 In
315 2070 465 2145 decimo
486 2096 589 2145 nono
610 2070 758 2168 Synodi
778 2070 964 2164 Decreta,
980 2070 1017 2144 in
1034 2095 1111 2168 quo
1129 2070 1305 2146 statuitur

200 2208 427 2284 puerperam
452 2185 489 2259 in
520 2185 698 2260 Ecclesia
726 2185 1028 2260 benedicendam
1053 2210 1153 2279 esse,
1177 2185 1238 2260 rel
1267 2185 1305 2258 in

72 2364 74 2368 .
201 2299 295 2375 locis
321 2300 385 2374 ubi
412 2299 575 2375 Sacrum
593 2301 648 2393 fit,
665 2299 834 2373 adhiberi
859 2297 1005 2374 tantirm
1031 2300 1173 2375 debent
1191 2300 1307 2374 rerba

200 2415 401 2513 ejusmodi,
417 2440 502 2513 quoe
525 2415 817 2489 insinuationem
834 2415 1067 2508 contineant,
1084 2426 1123 2489 et
1146 2414 1307 2514 Episoo

202 2553 272 2627 pos
302 2529 356 2603 ita
384 2541 519 2628 optare
549 2531 770 2605 ostendant:
799 2554 888 2604 nam
914 2529 1021 2604 valde
1050 2529 1307 2627 periculosum

202 2657 261 2719 est
279 2645 510 2720 contrarium
528 2670 674 2720 morem
693 2644 859 2744 generali
877 2645 961 2742 lege
979 2642 1135 2742 repente
1149 2656 1306 2720 mutare.

202 2758 408 2853 Praeterea,
433 2759 590 2833 Rituale
622 2758 843 2832 Romanum
870 2783 949 2832 non
977 2757 1188 2856 praescribit
1212 2758 1309 2856 ejus·

202 2875 307 2950 modi
329 2874 636 2951 benedictionem
653 2874 691 2947 in
712 2872 890 2980 Ecclesia
906 2873 1006 2965 fieri;
1031 2872 1225 2969 multoque
1244 2872 1309 2946 mi-

202 2988 273 3065 nirs
291 3001 395 3065 vetat
415 2988 722 3064 benedictionem
739 2987 838 3061 hanc
856 2986 901 3060 iis
920 2986 1114 3085 puerperis
1133 2985 1309 3079 conferri,

203 3131 288 3205 quae
313 3104 505 3181 Paschale
531 3117 763 3203 praeoeptum
787 3128 865 3177 non
887 3102 1135 3201 impleverint,
1151 3102 1211 3176 vel
1238 3101 1308 3175 Sa-

203 3220 476 3296 cramentalem
494 3219 777 3295 confessionem
802 3218 912 3316 paulo
930 3218 1016 3293 antri
1043 3241 1120 3292 non
1137 3216 1310 3310 fecerint,

205 3347 320 3433 prout
344 3334 383 3409 in
408 3348 620 3409 memorato
639 3333 790 3409 decimo
811 3357 914 3408 nono
940 3331 1207 3408 Baltimorensi
1232 3330 1310 3406 De

206 3462 315 3525 creto
333 3449 559 3523 continetur.

252 3562 300 3637 ln
326 3562 499 3637 Decreta
517 3561 698 3660 vigesimo
724 3562 858 3660 primo,
874 3561 938 3636 ubi
955 3560 1077 3660 agitur
1095 3560 1144 3634 de
1163 3557 1309 3635 Confir-

203 3677 380 3751 mationis
399 3687 641 3750 sacramento
655 3676 794 3750 nemini
812 3675 1058 3750 ministrando
1076 3673 1211 3748 minori
1228 3698 1310 3772 sep

204 3790 346 3884 tennio,
372 3792 452 3864 aiei
483 3792 530 3863 ob
551 3791 814 3889 particulares
842 3791 1028 3882 rationes,
1054 3799 1309 3886 opportunum

203 3904 364 3980 sortasse
393 3904 464 3978 erit
491 3904 646 3997 addere,
674 3929 731 3978 ex.
760 3931 824 4004 gr.
852 3903 1072 4000 infantibus
1100 3904 1144 3976 ia
1171 3904 1310 3979 mortis

203 4021 404 4120 periculo:
440 4018 493 4092 ita
526 4018 625 4093 enim
660 4018 908 4117 explicabitur
937 4042 1111 4114 quaenam
1140 4017 1308 4092 rationes

205 4160 292 4210 esse
311 4134 459 4233 possint
485 4134 728 4210 Sacramenti
748 4134 845 4209 illius
863 4133 1098 4209 ministrandi
1116 4133 1231 4209 etiam
1247 4158 1311 4232 pu·

205 4276 271 4326 ero
289 4264 378 4326 ante
397 4263 544 4348 septem
563 4275 748 4325 annorum
766 4263 927 4325 aetatem.
