<?xml version="1.0" encoding="UTF-8"?>
<!DOCTYPE html PUBLIC "-//W3C//DTD XHTML 1.0 Transitional//EN"
    "http://www.w3.org/TR/xhtml1/DTD/xhtml1-transitional.dtd">
<html xmlns="http://www.w3.org/1999/xhtml" xml:lang="en" lang="en">
 <head>
  <title>
</title>
<meta http-equiv="Content-Type" content="text/html;charset=utf-8" />
  <meta name='ocr-system' content='tesseract 3.04.00' />
  <meta name='ocr-capabilities' content='ocr_page ocr_carea ocr_par ocr_line ocrx_word'/>
</head>
<body>
  <div class='ocr_page' id='page_1' title='image "./conciliaprovinc00mdgoog_0133.png"; bbox 0 0 2820 5010; ppageno 0'>
   <div class='ocr_carea' id='block_1_1' title="bbox 536 411 1252 481">
    <p class='ocr_par' dir='ltr' id='par_1_1' title="bbox 536 411 1252 481">
     <span class='ocr_line' id='line_1_1' title="bbox 536 411 1252 481; baseline 0.007 -6"><span class='ocrx_word' id='word_1_1' title='bbox 536 424 788 476; x_wconf 76' lang='lat' dir='ltr'>rsovrncrnns</span> <span class='ocrx_word' id='word_1_2' title='bbox 817 429 869 478; x_wconf 82' lang='grc' dir='ltr'><strong>ιιι.</strong></span> <span class='ocrx_word' id='word_1_3' title='bbox 1185 411 1252 481; x_wconf 83' lang='lat'>131</span> 
     </span>
    </p>
   </div>
   <div class='ocr_carea' id='block_1_2' title="bbox 204 600 1256 819">
    <p class='ocr_par' dir='ltr' id='par_1_2' title="bbox 204 600 1256 819">
     <span class='ocr_line' id='line_1_2' title="bbox 205 600 942 697; baseline 0.004 -22"><span class='ocrx_word' id='word_1_4' title='bbox 205 600 307 676; x_wconf 83' lang='lat' dir='ltr'>Lata</span> <span class='ocrx_word' id='word_1_5' title='bbox 321 613 410 677; x_wconf 88' lang='lat' dir='ltr'>sunt</span> <span class='ocrx_word' id='word_1_6' title='bbox 427 603 584 677; x_wconf 86' lang='lat' dir='ltr'>decreta</span> <span class='ocrx_word' id='word_1_7' title='bbox 600 608 638 697; x_wconf 80' lang='lat'>7,</span> <span class='ocrx_word' id='word_1_8' title='bbox 654 607 691 696; x_wconf 89' lang='lat'>8,</span> <span class='ocrx_word' id='word_1_9' title='bbox 707 607 744 696; x_wconf 89' lang='lat'>9,</span> <span class='ocrx_word' id='word_1_10' title='bbox 764 608 810 675; x_wconf 90' lang='lat'>10</span> <span class='ocrx_word' id='word_1_11' title='bbox 827 616 866 677; x_wconf 91' lang='lat' dir='ltr'>et</span> <span class='ocrx_word' id='word_1_12' title='bbox 887 609 942 678; x_wconf 91' lang='lat' dir='ltr'>ll.</span> 
     </span>
     <span class='ocr_line' id='line_1_3' title="bbox 204 714 1256 819; baseline 0.007 -30"><span class='ocrx_word' id='word_1_13' title='bbox 204 714 339 791; x_wconf 88' lang='lat' dir='ltr'>Visum</span> <span class='ocrx_word' id='word_1_14' title='bbox 365 728 425 790; x_wconf 90' lang='lat' dir='ltr'>est</span> <span class='ocrx_word' id='word_1_15' title='bbox 452 716 494 791; x_wconf 81' lang='lat' dir='ltr'>S.</span> <span class='ocrx_word' id='word_1_16' title='bbox 522 716 668 792; x_wconf 85' lang='lat' dir='ltr'>Sedem</span> <span class='ocrx_word' id='word_1_17' title='bbox 695 717 909 817; x_wconf 91' lang='lat' dir='ltr'>implorare,</span> <span class='ocrx_word' id='word_1_18' title='bbox 933 731 976 794; x_wconf 91' lang='lat' dir='ltr'>ut</span> <span class='ocrx_word' id='word_1_19' title='bbox 1002 719 1040 793; x_wconf 91' lang='lat' dir='ltr'>in</span> <span class='ocrx_word' id='word_1_20' title='bbox 1067 720 1256 819; x_wconf 80' lang='lat' dir='ltr'>religionis</span> 
     </span>
    </p>
   </div>
   <div class='ocr_carea' id='block_1_3' title="bbox 153 832 1257 933">
    <p class='ocr_par' dir='ltr' id='par_1_3' title="bbox 153 832 1257 933">
     <span class='ocr_line' id='line_1_4' title="bbox 153 832 1257 933; baseline 0.006 -29"><span class='ocrx_word' id='word_1_21' title='bbox 153 844 400 930; x_wconf 81' lang='lat' dir='ltr'><strong>augmentum</strong></span> <span class='ocrx_word' id='word_1_22' title='bbox 416 857 516 907; x_wconf 87' lang='lat' dir='ltr'>nora</span> <span class='ocrx_word' id='word_1_23' title='bbox 537 832 663 908; x_wconf 82' lang='lat' dir='ltr'><strong>Sedes</strong></span> <span class='ocrx_word' id='word_1_24' title='bbox 689 832 929 933; x_wconf 90' lang='lat' dir='ltr'>Episcopalis</span> <span class='ocrx_word' id='word_1_25' title='bbox 955 833 993 909; x_wconf 91' lang='lat' dir='ltr'>in</span> <span class='ocrx_word' id='word_1_26' title='bbox 1016 837 1108 910; x_wconf 91' lang='lat' dir='ltr'>urbe</span> <span class='ocrx_word' id='word_1_27' title='bbox 1131 836 1257 911; x_wconf 74' lang='lat' dir='ltr'>Nach-</span> 
     </span>
    </p>
   </div>
   <div class='ocr_carea' id='block_1_4' title="bbox 151 945 1256 1158">
    <p class='ocr_par' dir='ltr' id='par_1_4' title="bbox 151 945 1256 1158">
     <span class='ocr_line' id='line_1_5' title="bbox 151 945 1256 1045; baseline 0.005 -26"><span class='ocrx_word' id='word_1_28' title='bbox 151 947 241 1020; x_wconf 78' lang='lat' dir='ltr'>or&#39;llc</span> <span class='ocrx_word' id='word_1_29' title='bbox 258 945 435 1045; x_wconf 78' lang='lat' dir='ltr'>erigatur,</span> <span class='ocrx_word' id='word_1_30' title='bbox 450 958 570 1021; x_wconf 90' lang='lat' dir='ltr'>totarn</span> <span class='ocrx_word' id='word_1_31' title='bbox 591 948 831 1023; x_wconf 87' lang='lat' dir='ltr'>Provinciam</span> <span class='ocrx_word' id='word_1_32' title='bbox 854 949 1067 1025; x_wconf 79' lang='lat' dir='ltr'>Tenoessec</span> <span class='ocrx_word' id='word_1_33' title='bbox 1089 953 1156 1025; x_wconf 73' lang='lat' dir='ltr'>sud</span> <span class='ocrx_word' id='word_1_34' title='bbox 1177 952 1256 1026; x_wconf 92' lang='lat' dir='ltr'>diti·</span> 
     </span>
     <span class='ocr_line' id='line_1_6' title="bbox 154 1060 503 1158; baseline 0.006 -26"><span class='ocrx_word' id='word_1_35' title='bbox 154 1083 230 1133; x_wconf 91' lang='lat' dir='ltr'>one</span> <span class='ocrx_word' id='word_1_36' title='bbox 247 1060 503 1158; x_wconf 89' lang='lat' dir='ltr'>complexura.</span> 
     </span>
    </p>
   </div>
   <div class='ocr_carea' id='block_1_5' title="bbox 155 1171 1259 2188">
    <p class='ocr_par' dir='ltr' id='par_1_5' title="bbox 155 1171 1258 1505">
     <span class='ocr_line' id='line_1_7' title="bbox 206 1171 1258 1274; baseline 0.006 -28"><span class='ocrx_word' id='word_1_37' title='bbox 206 1171 340 1247; x_wconf 89' lang='lat' dir='ltr'>Visum</span> <span class='ocrx_word' id='word_1_38' title='bbox 370 1185 430 1248; x_wconf 93' lang='lat' dir='ltr'>est</span> <span class='ocrx_word' id='word_1_39' title='bbox 461 1174 574 1248; x_wconf 90' lang='lat' dir='ltr'>etiam</span> <span class='ocrx_word' id='word_1_40' title='bbox 602 1174 644 1249; x_wconf 83' lang='lat' dir='ltr'>S.</span> <span class='ocrx_word' id='word_1_41' title='bbox 675 1175 819 1250; x_wconf 88' lang='lat' dir='ltr'>Sedem</span> <span class='ocrx_word' id='word_1_42' title='bbox 848 1176 1130 1274; x_wconf 88' lang='lat' dir='ltr'>supplicarent</span> <span class='ocrx_word' id='word_1_43' title='bbox 1159 1202 1258 1253; x_wconf 84' lang='lat' dir='ltr'>nova</span> 
     </span>
     <span class='ocr_line' id='line_1_8' title="bbox 157 1285 1258 1392; baseline 0.006 -31"><span class='ocrx_word' id='word_1_44' title='bbox 157 1285 284 1361; x_wconf 81' lang='lat' dir='ltr'><strong>Sedes</strong></span> <span class='ocrx_word' id='word_1_45' title='bbox 302 1287 543 1387; x_wconf 92' lang='lat' dir='ltr'>Episcopalis</span> <span class='ocrx_word' id='word_1_46' title='bbox 561 1289 599 1363; x_wconf 91' lang='lat' dir='ltr'>in</span> <span class='ocrx_word' id='word_1_47' title='bbox 616 1291 708 1364; x_wconf 92' lang='lat' dir='ltr'>urbe</span> <span class='ocrx_word' id='word_1_48' title='bbox 725 1290 774 1363; x_wconf 82' lang='lat' dir='ltr'><em>N</em></span> <span class='ocrx_word' id='word_1_49' title='bbox 768 1291 902 1365; x_wconf 75' lang='lat' dir='ltr'>atcltez</span> <span class='ocrx_word' id='word_1_50' title='bbox 914 1291 1091 1392; x_wconf 84' lang='lat' dir='ltr'>erigatur,</span> <span class='ocrx_word' id='word_1_51' title='bbox 1104 1318 1188 1389; x_wconf 87' lang='lat' dir='ltr'>quae</span> <span class='ocrx_word' id='word_1_52' title='bbox 1203 1306 1258 1368; x_wconf 93' lang='lat' dir='ltr'>to·</span> 
     </span>
     <span class='ocr_line' id='line_1_9' title="bbox 155 1401 887 1505; baseline 0.005 -30"><span class='ocrx_word' id='word_1_53' title='bbox 155 1413 236 1476; x_wconf 92' lang='lat' dir='ltr'>tam</span> <span class='ocrx_word' id='word_1_54' title='bbox 251 1413 361 1502; x_wconf 87' lang='lat' dir='ltr'>regat</span> <span class='ocrx_word' id='word_1_55' title='bbox 377 1401 617 1479; x_wconf 88' lang='lat' dir='ltr'>Provinciam</span> <span class='ocrx_word' id='word_1_56' title='bbox 634 1404 887 1505; x_wconf 76' lang='lat' dir='ltr'>Mississrppi.</span> 
     </span>
    </p>

    <p class='ocr_par' dir='ltr' id='par_1_6' title="bbox 156 1517 1259 2188">
     <span class='ocr_line' id='line_1_10' title="bbox 207 1517 1259 1621; baseline 0.006 -30"><span class='ocrx_word' id='word_1_57' title='bbox 207 1517 342 1592; x_wconf 89' lang='lat' dir='ltr'>Visum</span> <span class='ocrx_word' id='word_1_58' title='bbox 356 1529 416 1592; x_wconf 91' lang='lat' dir='ltr'>est</span> <span class='ocrx_word' id='word_1_59' title='bbox 429 1542 581 1617; x_wconf 90' lang='lat' dir='ltr'>quoque</span> <span class='ocrx_word' id='word_1_60' title='bbox 598 1518 828 1593; x_wconf 81' lang='lat' dir='ltr'>Beatissimo</span> <span class='ocrx_word' id='word_1_61' title='bbox 846 1519 952 1594; x_wconf 92' lang='lat' dir='ltr'>Patri</span> <span class='ocrx_word' id='word_1_62' title='bbox 970 1521 1161 1620; x_wconf 84' lang='lat' dir='ltr'>porrigere</span> <span class='ocrx_word' id='word_1_63' title='bbox 1178 1546 1259 1621; x_wconf 72' lang='lat' dir='ltr'>pre-</span> 
     </span>
     <span class='ocr_line' id='line_1_11' title="bbox 157 1631 1259 1732; baseline 0.003 -25"><span class='ocrx_word' id='word_1_64' title='bbox 157 1655 224 1707; x_wconf 87' lang='lat' dir='ltr'>ces</span> <span class='ocrx_word' id='word_1_65' title='bbox 241 1644 285 1706; x_wconf 92' lang='lat' dir='ltr'>ut</span> <span class='ocrx_word' id='word_1_66' title='bbox 301 1656 401 1707; x_wconf 87' lang='lat' dir='ltr'>nova</span> <span class='ocrx_word' id='word_1_67' title='bbox 418 1632 544 1707; x_wconf 85' lang='lat' dir='ltr'>Sedes</span> <span class='ocrx_word' id='word_1_68' title='bbox 562 1631 804 1732; x_wconf 90' lang='lat' dir='ltr'>Episcopalis</span> <span class='ocrx_word' id='word_1_69' title='bbox 821 1633 859 1708; x_wconf 93' lang='lat' dir='ltr'>in</span> <span class='ocrx_word' id='word_1_70' title='bbox 876 1635 969 1711; x_wconf 90' lang='lat' dir='ltr'>urbe</span> <span class='ocrx_word' id='word_1_71' title='bbox 986 1635 1179 1732; x_wconf 63' lang='lat' dir='ltr'>Dumque</span> <span class='ocrx_word' id='word_1_72' title='bbox 1192 1636 1259 1710; x_wconf 91' lang='lat' dir='ltr'>eri·</span> 
     </span>
     <span class='ocr_line' id='line_1_12' title="bbox 156 1747 1259 1846; baseline 0.003 -25"><span class='ocrx_word' id='word_1_73' title='bbox 156 1757 375 1846; x_wconf 80' lang='lat' dir='ltr'>gatur,quae</span> <span class='ocrx_word' id='word_1_74' title='bbox 387 1759 533 1845; x_wconf 88' lang='lat' dir='ltr'>partem</span> <span class='ocrx_word' id='word_1_75' title='bbox 544 1747 822 1823; x_wconf 89' lang='lat' dir='ltr'>occidentalem</span> <span class='ocrx_word' id='word_1_76' title='bbox 835 1748 1032 1822; x_wconf 90' lang='lat' dir='ltr'>Territorii</span> <span class='ocrx_word' id='word_1_77' title='bbox 1043 1749 1145 1845; x_wconf 90' lang='lat' dir='ltr'>quod</span> <span class='ocrx_word' id='word_1_78' title='bbox 1164 1749 1259 1824; x_wconf 81' lang='lat' dir='ltr'>Wis-</span> 
     </span>
     <span class='ocr_line' id='line_1_13' title="bbox 157 1859 1259 1962; baseline 0.003 -28"><span class='ocrx_word' id='word_1_79' title='bbox 157 1863 297 1935; x_wconf 79' lang='lat' dir='ltr'>const&#39;n</span> <span class='ocrx_word' id='word_1_80' title='bbox 313 1859 422 1962; x_wconf 81' lang='lat' dir='ltr'>vulgd</span> <span class='ocrx_word' id='word_1_81' title='bbox 439 1862 557 1954; x_wconf 88' lang='lat' dir='ltr'>audit,</span> <span class='ocrx_word' id='word_1_82' title='bbox 571 1862 639 1936; x_wconf 77' lang='lat' dir='ltr'>sual</span> <span class='ocrx_word' id='word_1_83' title='bbox 655 1861 797 1937; x_wconf 84' lang='lat' dir='ltr'>ditione</span> <span class='ocrx_word' id='word_1_84' title='bbox 814 1863 1103 1960; x_wconf 88' lang='lat' dir='ltr'>complectatur,</span> <span class='ocrx_word' id='word_1_85' title='bbox 1114 1863 1259 1938; x_wconf 90' lang='lat' dir='ltr'>scilicet</span> 
     </span>
     <span class='ocr_line' id='line_1_14' title="bbox 156 1975 1259 2076; baseline 0.003 -27"><span class='ocrx_word' id='word_1_86' title='bbox 156 1999 242 2072; x_wconf 75' lang='lat' dir='ltr'>quas</span> <span class='ocrx_word' id='word_1_87' title='bbox 266 1975 365 2050; x_wconf 92' lang='lat' dir='ltr'>intra</span> <span class='ocrx_word' id='word_1_88' title='bbox 393 1975 671 2051; x_wconf 90' lang='lat' dir='ltr'>occidentalem</span> <span class='ocrx_word' id='word_1_89' title='bbox 697 1975 939 2076; x_wconf 89' lang='lat' dir='ltr'>Mississippii</span> <span class='ocrx_word' id='word_1_90' title='bbox 968 1987 1009 2050; x_wconf 92' lang='lat' dir='ltr'>et</span> <span class='ocrx_word' id='word_1_91' title='bbox 1039 1976 1259 2052; x_wconf 83' lang='lat' dir='ltr'>orientalem</span> 
     </span>
     <span class='ocr_line' id='line_1_15' title="bbox 158 2087 883 2188; baseline 0.001 -25"><span class='ocrx_word' id='word_1_92' title='bbox 158 2087 326 2164; x_wconf 80' lang='lat' dir='ltr'>Missurii</span> <span class='ocrx_word' id='word_1_93' title='bbox 343 2089 505 2165; x_wconf 86' lang='lat' dir='ltr'>fluminis</span> <span class='ocrx_word' id='word_1_94' title='bbox 522 2091 642 2188; x_wconf 89' lang='lat' dir='ltr'>ripam</span> <span class='ocrx_word' id='word_1_95' title='bbox 660 2090 883 2166; x_wconf 84' lang='lat' dir='ltr'>continetur.</span> 
     </span>
    </p>
   </div>
   <div class='ocr_carea' id='block_1_6' title="bbox 416 2368 1000 2431">
    <p class='ocr_par' dir='ltr' id='par_1_7' title="bbox 416 2368 1000 2431">
     <span class='ocr_line' id='line_1_16' title="bbox 416 2368 1000 2431; baseline 0 -3"><span class='ocrx_word' id='word_1_96' title='bbox 416 2368 557 2430; x_wconf 86' lang='lat' dir='ltr'>SESSIO</span> <span class='ocrx_word' id='word_1_97' title='bbox 578 2368 732 2430; x_wconf 78' lang='lat' dir='ltr'><strong>TERTIA</strong></span> <span class='ocrx_word' id='word_1_98' title='bbox 754 2369 807 2429; x_wconf 80' lang='grc' dir='ltr'>ΕΤ</span> <span class='ocrx_word' id='word_1_99' title='bbox 829 2368 1000 2431; x_wconf 85' lang='lat' dir='ltr'><strong>ULTIMA.</strong></span> 
     </span>
    </p>
   </div>
   <div class='ocr_carea' id='block_1_7' title="bbox 159 2546 1263 3564">
    <p class='ocr_par' dir='ltr' id='par_1_8' title="bbox 159 2546 1263 3564">
     <span class='ocr_line' id='line_1_17' title="bbox 208 2546 1262 2648; baseline 0.004 -26"><span class='ocrx_word' id='word_1_100' title='bbox 208 2546 411 2623; x_wconf 77' lang='lat' dir='ltr'>Dournrcn</span> <span class='ocrx_word' id='word_1_101' title='bbox 428 2551 560 2646; x_wconf 67' lang='lat' dir='ltr'>quarti</span> <span class='ocrx_word' id='word_1_102' title='bbox 577 2560 664 2646; x_wconf 92' lang='lat' dir='ltr'>post</span> <span class='ocrx_word' id='word_1_103' title='bbox 680 2547 848 2641; x_wconf 81' lang='lat' dir='ltr'>Pascha,</span> <span class='ocrx_word' id='word_1_104' title='bbox 860 2548 921 2623; x_wconf 91' lang='lat' dir='ltr'>die</span> <span class='ocrx_word' id='word_1_105' title='bbox 937 2553 988 2623; x_wconf 77' lang='lat'>23</span> <span class='ocrx_word' id='word_1_106' title='bbox 1005 2549 1158 2648; x_wconf 80' lang='lat' dir='ltr'>Aprilis,</span> <span class='ocrx_word' id='word_1_107' title='bbox 1170 2549 1262 2626; x_wconf 83' lang='lat' dir='ltr'>hort</span> 
     </span>
     <span class='ocr_line' id='line_1_18' title="bbox 159 2662 1261 2776; baseline 0.004 -40"><span class='ocrx_word' id='word_1_108' title='bbox 159 2663 306 2739; x_wconf 74' lang='lat' dir='ltr'>decimd</span> <span class='ocrx_word' id='word_1_109' title='bbox 329 2664 376 2737; x_wconf 82' lang='lat' dir='ltr'>A.</span> <span class='ocrx_word' id='word_1_110' title='bbox 401 2662 456 2737; x_wconf 91' lang='grc' dir='ltr'>Μ.</span> <span class='ocrx_word' id='word_1_111' title='bbox 485 2663 523 2737; x_wconf 92' lang='lat' dir='ltr'>in</span> <span class='ocrx_word' id='word_1_112' title='bbox 548 2663 726 2738; x_wconf 70' lang='lat' dir='ltr'>Ecclesia</span> <span class='ocrx_word' id='word_1_113' title='bbox 754 2663 1048 2776; x_wconf 73' lang='lat' dir='ltr'>Metropolitand</span> <span class='ocrx_word' id='word_1_114' title='bbox 1078 2688 1261 2740; x_wconf 80' lang='lat' dir='ltr'>convene</span> 
     </span>
     <span class='ocr_line' id='line_1_19' title="bbox 159 2777 1261 2875; baseline 0.001 -23"><span class='ocrx_word' id='word_1_115' title='bbox 159 2790 246 2852; x_wconf 90' lang='lat' dir='ltr'>runt</span> <span class='ocrx_word' id='word_1_116' title='bbox 274 2777 407 2853; x_wconf 77' lang='lat' dir='ltr'>lllfflus</span> <span class='ocrx_word' id='word_1_117' title='bbox 438 2801 484 2853; x_wconf 88' lang='lat' dir='ltr'>ac</span> <span class='ocrx_word' id='word_1_118' title='bbox 515 2777 690 2852; x_wconf 72' lang='lat' dir='ltr'>Remus</span> <span class='ocrx_word' id='word_1_119' title='bbox 719 2778 1043 2875; x_wconf 87' lang='lat' dir='ltr'>Archiepiscopus</span> <span class='ocrx_word' id='word_1_120' title='bbox 1074 2779 1146 2853; x_wconf 74' lang='lat' dir='ltr'>und</span> <span class='ocrx_word' id='word_1_121' title='bbox 1173 2802 1261 2853; x_wconf 90' lang='lat' dir='ltr'>cum</span> 
     </span>
     <span class='ocr_line' id='line_1_20' title="bbox 160 2891 1259 2992; baseline 0 -25"><span class='ocrx_word' id='word_1_122' title='bbox 160 2891 298 2968; x_wconf 89' lang='lat' dir='ltr'>ceteris</span> <span class='ocrx_word' id='word_1_123' title='bbox 321 2892 484 2969; x_wconf 81' lang='lat' dir='ltr'>Consilii</span> <span class='ocrx_word' id='word_1_124' title='bbox 504 2891 696 2986; x_wconf 89' lang='lat' dir='ltr'>Patribus,</span> <span class='ocrx_word' id='word_1_125' title='bbox 720 2891 956 2967; x_wconf 87' lang='lat' dir='ltr'>Officialibus</span> <span class='ocrx_word' id='word_1_126' title='bbox 978 2905 1016 2966; x_wconf 91' lang='lat' dir='ltr'>et</span> <span class='ocrx_word' id='word_1_127' title='bbox 1040 2891 1259 2992; x_wconf 85' lang='lat' dir='ltr'>Theologis.</span> 
     </span>
     <span class='ocr_line' id='line_1_21' title="bbox 159 3005 1260 3104; baseline -0.001 -23"><span class='ocrx_word' id='word_1_128' title='bbox 159 3005 323 3081; x_wconf 81' lang='lat' dir='ltr'>Missam</span> <span class='ocrx_word' id='word_1_129' title='bbox 340 3006 545 3082; x_wconf 83' lang='lat' dir='ltr'>celebrarit</span> <span class='ocrx_word' id='word_1_130' title='bbox 567 3006 700 3081; x_wconf 77' lang='lat' dir='ltr'>Illffius</span> <span class='ocrx_word' id='word_1_131' title='bbox 718 3030 764 3080; x_wconf 90' lang='lat' dir='ltr'>ac</span> <span class='ocrx_word' id='word_1_132' title='bbox 783 3006 956 3080; x_wconf 76' lang='lat' dir='ltr'>Revntus</span> <span class='ocrx_word' id='word_1_133' title='bbox 982 3005 1199 3104; x_wconf 84' lang='lat' dir='ltr'>Episcopus</span> <span class='ocrx_word' id='word_1_134' title='bbox 1218 3006 1260 3080; x_wconf 80' lang='lat' dir='ltr'>S.</span> 
     </span>
     <span class='ocr_line' id='line_1_22' title="bbox 161 3119 1262 3219; baseline -0.001 -23"><span class='ocrx_word' id='word_1_135' title='bbox 161 3120 366 3214; x_wconf 82' lang='lat' dir='ltr'>Ludovici3</span> <span class='ocrx_word' id='word_1_136' title='bbox 384 3121 609 3196; x_wconf 89' lang='lat' dir='ltr'>concionem</span> <span class='ocrx_word' id='word_1_137' title='bbox 623 3121 752 3195; x_wconf 89' lang='lat' dir='ltr'>habuit</span> <span class='ocrx_word' id='word_1_138' title='bbox 765 3120 897 3194; x_wconf 74' lang='lat' dir='ltr'>Illr‘nus</span> <span class='ocrx_word' id='word_1_139' title='bbox 909 3144 955 3195; x_wconf 85' lang='lat' dir='ltr'>ac</span> <span class='ocrx_word' id='word_1_140' title='bbox 967 3119 1141 3194; x_wconf 77' lang='lat' dir='ltr'>Revffius</span> <span class='ocrx_word' id='word_1_141' title='bbox 1153 3120 1262 3219; x_wconf 91' lang='lat' dir='ltr'>Epis-</span> 
     </span>
     <span class='ocr_line' id='line_1_23' title="bbox 161 3234 1263 3336; baseline -0.002 -24"><span class='ocrx_word' id='word_1_142' title='bbox 161 3261 282 3336; x_wconf 91' lang='lat' dir='ltr'>copus</span> <span class='ocrx_word' id='word_1_143' title='bbox 297 3236 638 3334; x_wconf 86' lang='lat' dir='ltr'>Carolopolitanus.</span> <span class='ocrx_word' id='word_1_144' title='bbox 666 3234 817 3310; x_wconf 93' lang='lat' dir='ltr'>Deinde</span> <span class='ocrx_word' id='word_1_145' title='bbox 831 3246 963 3333; x_wconf 90' lang='lat' dir='ltr'>aperta</span> <span class='ocrx_word' id='word_1_146' title='bbox 976 3247 1035 3309; x_wconf 84' lang='lat' dir='ltr'>est</span> <span class='ocrx_word' id='word_1_147' title='bbox 1047 3235 1180 3310; x_wconf 87' lang='lat' dir='ltr'>Sessio</span> <span class='ocrx_word' id='word_1_148' title='bbox 1192 3248 1263 3311; x_wconf 89' lang='lat' dir='ltr'>ter-</span> 
     </span>
     <span class='ocr_line' id='line_1_24' title="bbox 161 3349 1263 3445; baseline -0.001 -20"><span class='ocrx_word' id='word_1_149' title='bbox 161 3349 213 3425; x_wconf 89' lang='lat' dir='ltr'>tia</span> <span class='ocrx_word' id='word_1_150' title='bbox 235 3361 274 3425; x_wconf 90' lang='lat' dir='ltr'>et</span> <span class='ocrx_word' id='word_1_151' title='bbox 294 3350 438 3444; x_wconf 92' lang='lat' dir='ltr'>ultima,</span> <span class='ocrx_word' id='word_1_152' title='bbox 454 3360 494 3424; x_wconf 94' lang='lat' dir='ltr'>et</span> <span class='ocrx_word' id='word_1_153' title='bbox 511 3349 668 3424; x_wconf 87' lang='lat' dir='ltr'>servatis</span> <span class='ocrx_word' id='word_1_154' title='bbox 686 3349 858 3424; x_wconf 89' lang='lat' dir='ltr'>omnibus</span> <span class='ocrx_word' id='word_1_155' title='bbox 881 3373 965 3445; x_wconf 76' lang='lat' dir='ltr'>quae</span> <span class='ocrx_word' id='word_1_156' title='bbox 987 3349 1025 3423; x_wconf 92' lang='lat' dir='ltr'>in</span> <span class='ocrx_word' id='word_1_157' title='bbox 1049 3349 1263 3426; x_wconf 90' lang='lat' dir='ltr'>Pontificali</span> 
     </span>
     <span class='ocr_line' id='line_1_25' title="bbox 162 3462 1179 3564; baseline -0.002 -24"><span class='ocrx_word' id='word_1_158' title='bbox 162 3462 344 3540; x_wconf 88' lang='lat' dir='ltr'>Romano</span> <span class='ocrx_word' id='word_1_159' title='bbox 362 3463 665 3564; x_wconf 75' lang='lat' dir='ltr'>praescribuntur,</span> <span class='ocrx_word' id='word_1_160' title='bbox 682 3463 749 3539; x_wconf 73' lang='lat' dir='ltr'>rite</span> <span class='ocrx_word' id='word_1_161' title='bbox 767 3474 923 3561; x_wconf 89' lang='lat' dir='ltr'>peracta</span> <span class='ocrx_word' id='word_1_162' title='bbox 940 3475 980 3537; x_wconf 94' lang='lat' dir='ltr'>et</span> <span class='ocrx_word' id='word_1_163' title='bbox 996 3463 1179 3538; x_wconf 83' lang='lat' dir='ltr'>absoluta</span> 
     </span>
    </p>
   </div>
   <div class='ocr_carea' id='block_1_8' title="bbox 528 3741 897 3804">
    <p class='ocr_par' dir='ltr' id='par_1_9' title="bbox 528 3741 897 3804">
     <span class='ocr_line' id='line_1_26' title="bbox 528 3741 897 3804; baseline -0.005 -1"><span class='ocrx_word' id='word_1_164' title='bbox 528 3741 897 3804; x_wconf 80' lang='lat' dir='ltr'><strong>ACCLAMATIONES.</strong></span> 
     </span>
    </p>
   </div>
   <div class='ocr_carea' id='block_1_9' title="bbox 163 3920 1267 4477">
    <p class='ocr_par' dir='ltr' id='par_1_10' title="bbox 163 3920 1264 4135">
     <span class='ocr_line' id='line_1_27' title="bbox 211 3920 1264 4015; baseline 0 -18"><span class='ocrx_word' id='word_1_165' title='bbox 211 3921 529 3998; x_wconf 60' lang='lat' dir='ltr'>&amp;edidissem</span> <span class='ocrx_word' id='word_1_166' title='bbox 569 3923 658 3996; x_wconf 93' lang='lat' dir='ltr'>Deo</span> <span class='ocrx_word' id='word_1_167' title='bbox 693 3920 801 3996; x_wconf 92' lang='lat' dir='ltr'>Patri</span> <span class='ocrx_word' id='word_1_168' title='bbox 836 3922 1191 4015; x_wconf 80' lang='lat' dir='ltr'>misericordiarum,</span> <span class='ocrx_word' id='word_1_169' title='bbox 1225 3935 1264 3997; x_wconf 89' lang='lat' dir='ltr'>et</span> 
     </span>
     <span class='ocr_line' id='line_1_28' title="bbox 163 4034 845 4135; baseline -0.001 -25"><span class='ocrx_word' id='word_1_170' title='bbox 163 4034 253 4111; x_wconf 87' lang='lat' dir='ltr'>Deo</span> <span class='ocrx_word' id='word_1_171' title='bbox 269 4037 387 4112; x_wconf 90' lang='lat' dir='ltr'>totius</span> <span class='ocrx_word' id='word_1_172' title='bbox 404 4035 688 4128; x_wconf 89' lang='lat' dir='ltr'>consolationis,</span> <span class='ocrx_word' id='word_1_173' title='bbox 706 4035 845 4135; x_wconf 75' lang='lat' dir='ltr'>gratita.</span> 
     </span>
    </p>

    <p class='ocr_par' dir='ltr' id='par_1_11' title="bbox 164 4148 1267 4477">
     <span class='ocr_line' id='line_1_29' title="bbox 217 4148 1267 4249; baseline 0.002 -26"><span class='ocrx_word' id='word_1_174' title='bbox 217 4150 378 4227; x_wconf 75' lang='lat' dir='ltr'>Chorus.</span> <span class='ocrx_word' id='word_1_175' title='bbox 404 4149 598 4227; x_wconf 91' lang='lat' dir='ltr'>Immensa</span> <span class='ocrx_word' id='word_1_176' title='bbox 615 4164 672 4223; x_wconf 81' lang='lat' dir='ltr'>est</span> <span class='ocrx_word' id='word_1_177' title='bbox 691 4148 949 4223; x_wconf 91' lang='lat' dir='ltr'>misericordia</span> <span class='ocrx_word' id='word_1_178' title='bbox 968 4163 1035 4225; x_wconf 90' lang='lat' dir='ltr'>tua</span> <span class='ocrx_word' id='word_1_179' title='bbox 1051 4175 1166 4249; x_wconf 92' lang='lat' dir='ltr'>super</span> <span class='ocrx_word' id='word_1_180' title='bbox 1182 4175 1267 4245; x_wconf 91' lang='lat' dir='ltr'>nos,</span> 
     </span>
     <span class='ocr_line' id='line_1_30' title="bbox 164 4262 1266 4363; baseline 0 -25"><span class='ocrx_word' id='word_1_181' title='bbox 164 4262 343 4360; x_wconf 91' lang='lat' dir='ltr'>Domine,</span> <span class='ocrx_word' id='word_1_182' title='bbox 364 4266 428 4363; x_wconf 92' lang='lat' dir='ltr'>qui</span> <span class='ocrx_word' id='word_1_183' title='bbox 451 4264 660 4341; x_wconf 82' lang='lat' dir='ltr'>secunddm</span> <span class='ocrx_word' id='word_1_184' title='bbox 683 4262 960 4339; x_wconf 87' lang='lat' dir='ltr'>multitudinem</span> <span class='ocrx_word' id='word_1_185' title='bbox 983 4263 1266 4340; x_wconf 89' lang='lat' dir='ltr'>miserationum</span> 
     </span>
     <span class='ocr_line' id='line_1_31' title="bbox 164 4377 1266 4477; baseline 0 -24"><span class='ocrx_word' id='word_1_186' title='bbox 164 4392 328 4476; x_wconf 90' lang='lat' dir='ltr'>tuarum,</span> <span class='ocrx_word' id='word_1_187' title='bbox 352 4406 423 4456; x_wconf 93' lang='lat' dir='ltr'>nos</span> <span class='ocrx_word' id='word_1_188' title='bbox 450 4381 707 4457; x_wconf 88' lang='lat' dir='ltr'>Conciliomm</span> <span class='ocrx_word' id='word_1_189' title='bbox 738 4377 1030 4455; x_wconf 75' lang='lat' dir='ltr'>Prouincialium</span> <span class='ocrx_word' id='word_1_190' title='bbox 1060 4379 1266 4477; x_wconf 63' lang='lat' dir='ltr'>frequentis</span> 
     </span>
    </p>
   </div>
   <div class='ocr_carea' id='block_1_10' title="bbox 0 0 1429 5010">
    <p class='ocr_par' dir='ltr' id='par_1_12' title="bbox 0 0 1429 5010">
     <span class='ocr_line' id='line_1_32' title="bbox 0 0 1429 5010; baseline 0 0"><span class='ocrx_word' id='word_1_191' title='bbox 0 0 1429 5010; x_wconf 95' lang='lat' dir='ltr'> </span> 
     </span>
    </p>
   </div>
  </div>
 </body>
</html>
