2820 5010
159 378 230 449 lto
443 399 657 451 concretu!
681 400 971 455 nsnrruouusa

156 573 313 649 istarum
334 574 597 651 Ecclesiamm
614 575 764 651 clericis
784 576 967 677 laicisque
986 578 1167 655 fidelibus
1186 574 1262 652 uni

157 688 275 764 versis
293 699 532 787 peramanter
547 689 791 789 impertimur.
1101 784 1108 801 ,

206 801 352 878 Datum
369 803 509 878 Romoe
524 804 626 902 apud
645 804 687 879 S.
701 804 874 901 Petrum,
885 807 948 881 (lie
967 812 1016 882 19
1030 807 1263 888 Decembris

156 917 246 992 unni
265 921 374 1013 1840,
389 918 641 995 Pontificatbs
656 919 778 994 nostri
793 944 895 997 anno
913 922 1076 999 decimo.

501 1232 932 1250 mmvm

551 1473 862 1569 uersuum
896 1592 899 1597 ¹

156 1729 186 1781 8.
211 1724 541 1779 conessusrroms
566 1724 616 1777 DE
642 1724 891 1777 rueramus
916 1724 1006 1777 rins
1030 1726 1082 1779 Ab
1105 1728 1262 1783 ucat!-

433 1839 622 1893 Prscoruu
647 1838 980 1893 BALTIMORENSEU·

206 2025 331 2107 lnairn
349 2053 395 2105 sc
413 2024 560 2103 anirs
577 2026 754 2121 Douma,

229 2177 550 2255 ERGRATUM
564 2178 607 2253 S.
620 2176 918 2279 congregationi
929 2176 1000 2255 fuit
1012 2180 1119 2257 Acta
1130 2197 1171 2259 ct
1182 2182 1261 2261 De

252 2304 361 2371 creta
378 2291 541 2370 Concilii
558 2292 680 2391 quarti
700 2290 949 2370 Prouincialis
969 2293 1261 2377 Baltimorensis

155 2432 287 2485 mense
300 2407 408 2483 Maio
421 2432 523 2484 anno
539 2410 636 2483 1840
647 2406 841 2503 celebrati,
849 2407 1028 2506 accipere
1040 2434 1089 2486 ac
1102 2436 1261 2512 perpen-

155 2525 257 2601 dere
308 2523 411 2599 Nam
432 2523 496 2596 illa
512 2521 658 2621 jamdiu
674 2534 902 2622 conceptam
920 2523 970 2599 de
987 2524 1259 2625 Amplitudinis

154 2651 230 2715 tuae
255 2650 295 2714 et
318 2638 412 2713 RR„
437 2635 517 2711 ΡΡ.
542 2636 633 2711 DD.
685 2636 968 2738 Episcopomm
991 2640 1055 2738 qui
1080 2643 1258 2721 Concilio

154 2754 403 2829 interfuerunt
420 2751 613 2850 sapientis,
623 2752 813 2851 religionis
826 2753 1103 2852 amplificandae
1120 2759 1261 2856 studio,

155 2883 194 2943 et
209 2867 414 2966 disciplinae
430 2866 718 2943 Ecclesiasticus
734 2868 886 2943 tuendae
899 2868 1105 2965 voluntate,
1117 2871 1260 2970 opinio·

153 3008 242 3058 nem
269 2980 437 3081 impense
465 2981 745 3057 confirmurtmt.
798 2982 1061 3064 Quamobrem
1087 2985 1131 3059 S.
1156 2987 1258 3063 Con·

153 3097 323 3198 gregatio
337 3095 534 3197 plurimum
548 3097 821 3171 commendans
832 3099 997 3172 vestrum
1011 3101 1180 3177 omnium
1192 3104 1258 3179 rir-

153 3224 286 3307 tutem,
303 3211 590 3310 supplicandum
613 3210 746 3285 SSffio
768 3211 858 3285 Dtlo
882 3211 1026 3288 Nostro
1049 3215 1258 3293 Gnsoonro

152 3327 234 3402 ΡΡ.
253 3325 455 3403 XVIesse
472 3325 633 3420 censuit,
645 3336 686 3400 ut
704 3325 928 3423 Apostolict
944 3328 1172 3405 auctoritate
1190 3334 1258 3407 sui

153 3442 371 3541 dignaretur
381 3440 682 3533 eaconfirmare3
695 3440 734 3515 id
747 3441 849 3537 quod
865 3440 1118 3517 Sanctitatem
1134 3444 1256 3521 Suam

152 3557 281 3632 libenti
305 3554 430 3630 animo
447 3554 586 3630 fecisse
608 3579 656 3629 ex
678 3555 832 3654 adjecto
854 3556 1012 3631 decreto
1029 3556 1255 3658 intelligetis.

203 3667 455 3755 Duotuntbm
468 3668 572 3744 circa
584 3669 742 3745 decreta
757 3670 841 3769 ipsa
854 3670 1080 3747 existimavit
1096 3672 1141 3748 S.
1157 3676 1258 3751 Con·

152 3787 322 3888 gregatio
334 3810 421 3861 esse
432 3785 1010 3880 nomndmndclicetindecreto
1019 3786 1053 3882 Ι,
1063 3796 1257 3890 paragr.2‚

152 3904 215 3979 ubi
238 3903 360 4002 agitur
384 3901 432 3976 de
455 3901 701 3976 matrimoniis
724 3901 862 3995 mixtis,
885 3915 973 4001 post
995 3906 1123 3999 verba,
1147 3906 1259 3997 erbd

152 4021 187 4094 si
198 4043 331 4093 rerum
343 4018 529 4118 αάριιηοὶα
541 4015 747 4114 aliquandb
761 4018 964 4112 suadeam,
977 4019 1157 4095 addenda
1169 4046 1256 4097 esse

151 4132 301 4209 censuit
329 4134 456 4226 verba,
482 4157 531 4206 cx
557 4133 789 4207 auctoritate
818 4132 1048 4232 Apostoliclt
1100 4134 1256 4211 Etenim

152 4263 329 4324 constare
353 4249 466 4325 etiam
484 4273 533 4322 ex
554 4246 698 4322 decreti
720 4259 902 4349 contextu
920 4247 1047 4344 debet,
1064 4249 1256 4350 dispensa·

151 4364 293 4441 tionem
315 4363 580 4463 Apostolicam
601 4386 715 4461 super
736 4386 784 4437 eo
807 4362 1078 4463 impedimento
1104 4390 1254 4466 quoque
