2820 5010
154 365 230 436 228
440 382 651 435 concisiori
679 382 966 435 sutrinosauss

541 787 865 886 naturalia

156 1042 186 1092 Β.
213 1041 542 1093 conoaaoarronls
567 1042 779 1093 ornamus
803 1041 854 1093 DE
880 1040 1131 1093 PROPAGANDA
1156 1041 1247 1112 FIDE,

210 1156 286 1215 QUO
306 1155 482 1207 DBCBBTA
495 1157 664 1207 conclus
682 1156 983 1208 aanrrnounsts
995 1156 1249 1208 PROVINCIAHS

207 1271 337 1329 QUINTI
356 1270 597 1323 connisum
615 1271 902 1322 asennaeum.

230 1476 311 1552 ΠΜ
335 1477 385 1552 R.
405 1476 449 1551 P.
468 1476 518 1551 D.
542 1477 705 1552 Snuuun
726 1477 970 1570 Eocnasrorr,
990 1475 1251 1576 Archiepiseo

245 1615 316 1689 pus
334 1591 633 1684 Baltimorensis‚
645 1603 732 1690 post
749 1591 982 1667 celebratum
999 1614 1132 1665 mense
1150 1591 1252 1665 Maio

156 1729 258 1781 anno
278 1709 386 1801 1843,
402 1706 476 1781 uni
492 1732 579 1782 cum
597 1706 801 1805 Episcopis
822 1705 1044 1781 Dioecesum
1061 1705 1100 1780 in
1121 1695 1253 1780 Foede

157 1821 247 1895 ratis
282 1820 472 1897 Americae
506 1819 820 1918 septentrionalis
854 1818 1064 1895 Provinciis
1098 1820 1254 1894 existen·

158 1934 263 2026 tium,
281 1935 494 2009 Concilium
515 1934 684 2033 quintum
708 1932 945 2009 Provinciale
966 1932 1255 2027 Baltimorense‚

159 2048 330 2123 SSmum
353 2048 481 2123 Duum
505 2048 689 2124 Nostrum
713 2048 950 2123 Gaaooannr
975 2046 1125 2146 Papam
1148 2048 1255 2143 xvl,

157 2187 229 2237 suo
252 2175 292 2236 et
313 2161 475 2237 concilii
497 2162 650 2237 nomine
674 2173 851 2259 precatus
874 2161 937 2256 sit,
951 2173 995 2237 ut
1016 2161 1188 2238 Decreta
1207 2164 1253 2237 ab

158 2276 296 2350 eodem
319 2275 546 2352 Provinciali
570 2276 744 2352 Concilio
761 2274 917 2352 condita
932 2276 1157 2374 Apostolici
1172 2301 1256 2352 auc·

158 2391 310 2465 toritate
336 2389 590 2483 confirmaret,
612 2389 657 2483 si,
679 2400 767 2488 post
791 2400 1011 2464 accuratam
1035 2390 1253 2465 eorumdem

159 2505 413 2580 Decretorum
427 2503 782 2597 considerationem,
795 2502 1079 2578 confirmatione
1097 2507 1165 2579 sul
1182 2504 1255 2604 dig-

160 2645 210 2694 na
226 2621 289 2694 illa
306 2632 409 2694 esset
420 2619 686 2718 judicavisset3
711 2619 753 2693 S.
773 2619 1030 2719 Congregatio
1048 2621 1097 2693 de
1115 2619 1255 2718 Propa-

160 2734 281 2832 gandi
298 2733 409 2826 Fide,
420 2734 459 2807 iu
476 2734 644 2833 generali
661 2734 861 2809 Conventu
876 2733 936 2808 die
957 2736 1002 2806 18
1021 2733 1254 2831 Septembris

160 2871 259 2921 anno
281 2850 376 2920 1843
394 2847 535 2941 habito,
551 2847 738 2922 referente
762 2847 864 2921 Effio
882 2871 929 2922 ao
951 2846 1104 2921 Revmo
1126 2847 1175 2921 D.
1193 2846 1255 2921 Ja-

161 2986 258 3034 coro
279 2961 479 3055 Parmeno,
495 2961 591 3035 tituli
615 2961 657 3034 S.
676 2961 810 3035 Mariae
826 2960 864 3034 in
881 2960 1061 3055 Aracoeli
1078 2961 1120 3034 S.
1140 2961 1190 3036 R.
1210 2962 1255 3035 E.

160 3075 354 3150 Cardinali
376 3074 615 3169 Farnsonm
632 3074 731 3149 sacri
752 3075 910 3149 Consilii
931 3074 1134 3169 Praefecto,
1151 3075 1256 3174 pluri-

159 3190 260 3267 miun
278 3192 543 3266 commendati
556 3191 717 3266 Concilii
735 3191 928 3289 sapientiai,
940 3191 1066 3266 studio
1081 3191 1256 3292 singulari

160 3305 372 3405 Religionis
390 3305 675 3403 amplificandae,
692 3317 730 3379 et
752 3305 1035 3380 Ecclesiasticus
1053 3307 1257 3405 disciplinae

159 3423 378 3514 tuendae‚ac
390 3445 514 3496 rerum
526 3421 775 3520 gerendarum
787 3419 928 3517 peritii,
939 3419 1069 3517 quaein
1080 3420 1257 3497 Decretis

160 3537 230 3610 illis
248 3536 449 3610 manifesta
465 3547 537 3629 est,
553 3534 701 3609 censuit
721 3558 767 3608 ac
787 3534 954 3609 decrevit
971 3535 1257 3633 supplicandum

163 3648 367 3723 Sanctitati
395 3649 499 3742 Suae,
525 3661 567 3723 ut
593 3648 884 3746 Archiepiscopi
911 3661 950 3722 et
980 3649 1257 3748 Episcoporum

162 3764 336 3861 precibus
355 3762 525 3860 superius
543 3762 761 3862 significatis
779 3787 959 3857 annuere,
970 3776 1009 3837 et
1026 3764 1198 3840 Decreta
1211 3767 1258 3840 de

162 3877 296 3974 quibus
314 3875 436 3975 agitur
453 3876 677 3951 confirmare
696 3876 922 3976 dignaretur.

212 3991 326 4064 Hanc
344 4002 471 4064 autem
490 3990 531 4064 S.
548 3991 864 4089 Congregationis
883 3991 1108 4066 sententiam
1128 3993 1258 4068 SSmo

163 4105 252 4179 Duo
276 4104 419 4179 Nostro
444 4107 601 4180 relatam
622 4106 670 4179 ab
694 4104 745 4179 R.
768 4104 812 4179 P.
836 4105 884 4179 D.
903 4104 1058 4179 Jonnus
1082 4107 1261 4182 Bnunsu-

163 4244 239 4312 mo‚
264 4219 362 4294 sacri
391 4219 548 4294 Consilii
577 4219 809 4314 Secretario,
833 4220 870 4294 in
897 4220 1083 4295 audientii
1109 4222 1184 4296 diei
1213 4227 1261 4296 24

162 4334 397 4431 Septembris
419 4338 526 4426 1843,
541 4333 736 4409 Sanctitas
755 4334 837 4410 Sua
853 4334 1012 4432 benigni
1030 4335 1068 4410 in
1086 4337 1261 4413 omnibus
