2820 5010
542 406 796 459 rnovmcrsnr
823 408 861 459 ιι.
1182 389 1256 461 119,

152 584 308 679 scribet,
324 606 490 682 suasque
506 583 854 660 animadversiones
872 583 1036 684 adjiciet.
1088 583 1262 683 Epistold

153 697 342 798 Episcopi
370 697 644 797 propinquioris
673 699 724 773 ad
751 699 1096 798 Archiepiscopum
1125 698 1261 793 delati,

154 814 228 908 rol,
243 813 277 889 si
299 812 508 912 neglexerit
532 812 763 908 isscribere,
778 814 990 891 rationabili
1013 814 1144 912 elapso
1170 825 1262 888 tem·

155 928 258 1027 poris
272 928 409 1027 spatio,
418 927 744 1026 Archiepiscopus
758 929 808 1003 ad
821 953 955 1003 omnes
970 926 1201 1026 Episcopos,
1211 952 1260 1001 ne

157 1042 424 1141 propinquiore
442 1040 594 1138 quidem
612 1054 788 1139 excepto,
804 1043 958 1135 scribet,
975 1054 1014 1117 et
1030 1042 1184 1117 nomina
1200 1041 1264 1115 illa

156 1182 247 1233 curn
271 1155 350 1232 suis
374 1154 760 1231 animadversionibus
782 1156 1088 1250 communicabit,
1104 1155 1262 1230 aliorum

157 1271 273 1347 etiam
294 1270 508 1347 nominibus
531 1270 683 1364 additis,
707 1270 740 1345 si
762 1270 814 1345 illi
837 1296 934 1368 quos
958 1270 1176 1369 Episcopus
1200 1269 1263 1345 de·

158 1384 387 1484 signaverat,
406 1384 711 1494 Archiepiscopo
734 1385 862 1461 idonei
883 1384 1034 1460 minime
1055 1384 1261 1470 videantur.

158 1502 258 1579 Post
270 1514 452 1600 acceptas
464 1502 757 1601 Archiepiscopi
766 1503 924 1597 litteras,
934 1528 1066 1579 omnes
1078 1502 1263 1601 Episcopi

159 1618 211 1693 ad
229 1618 272 1693 S.
292 1617 641 1718 congregationem
658 1618 740 1692 sine
757 1619 863 1692 morri
879 1618 1059 1712 scribent,
1075 1643 1164 1693 suns
1181 1643 1264 1694 sen·

160 1731 301 1807 tentius
318 1743 358 1807 et
375 1731 554 1831 suffragia
571 1732 619 1807 de
637 1731 756 1807 tribus
772 1731 845 1807 illis
863 1730 922 1805 vel
939 1755 1008 1805 sex
1025 1734 1265 1808 commenda-

160 1845 209 1923 tis
226 1845 443 1945 exposituri.
495 1845 669 1921 Vacante
687 1846 793 1921 Sede
810 1843 1115 1943 Metropolitand,
1131 1846 1263 1922 litteroe

161 1959 454 2060 Archiepiscopi
478 1959 667 2035 demortui
692 1959 846 2035 nomina
870 1959 981 2035 trium
1008 1959 1262 2039 Sacerdotum

162 2074 794 2174 designantis,aVicarioGenerali
807 2075 857 2149 ad
870 2072 1105 2172 Episcopum
1119 2075 1265 2173 propin·

163 2190 334 2289 quiorem
360 2190 474 2264 etad
500 2188 792 2286 Suffraganeum
817 2187 1053 2286 Episcopum
1076 2189 1263 2266 seniorem

164 2303 357 2380 mittendis
369 2314 475 2398 sunt,
493 2303 711 2401 Episcopus
726 2314 853 2377 autem
866 2301 992 2377 senior
1004 2302 1264 2403 suffraganeus

164 2418 279 2495 societ
296 2443 344 2493 ea
360 2417 488 2493 omnia
504 2443 589 2515 quae
612 2417 660 2491 de
679 2416 981 2515 Archiepiscopo
1005 2418 1174 2516 superids
1193 2432 1266 2495 sta·

165 2544 249 2609 tuta
264 2544 366 2626 sunt,
382 2532 446 2607 ubi
462 2532 584 2631 agitur
602 2532 651 2606 de
668 2530 853 2629 Episcopi
870 2530 1067 2606 electione.

216 2649 333 2732 Quod
351 2649 382 2724 si
400 2651 501 2748 apud
519 2648 756 2748 Episcopum
772 2649 831 2722 vel
849 2648 1191 2748 Archiepiscopum
1204 2650 1266 2726 de·

166 2775 356 2839 mortuum
385 2764 517 2839 litterae
544 2775 763 2838 memoratae
790 2763 839 2837 de
868 2762 979 2837 trium
1010 2763 1265 2840 Sacerdotum

166 2878 428 2978 designatione
463 2903 541 2953 non
579 2878 825 2976 reperiantur,
857 2877 1031 2953 Vicarius
1068 2879 1266 2954 Generalis

167 2993 405 3092 Episcopum
429 2992 746 3091 propinquiorem,
762 2991 820 3065 vel
844 2991 1032 3066 seniorem
1054 3017 1101 3067 ex
1120 2994 1267 3069 duobus

168 3107 506 3207 propinquioribus,
523 3108 571 3182 de
590 3109 634 3181 eri
655 3132 697 3182 re
715 3106 915 3182 certiorem
939 3106 1066 3181 statim
1083 3107 1209 3202 faciet,
1226 3121 1268 3184 ut

168 3222 387 3321 Episcopus
424 3221 667 3320 propinquior
700 3221 771 3296 tria
805 3220 978 3318 designet
1013 3222 1267 3299 Sacerdotum

167 3337 322 3413 nomina
351 3337 388 3412 in
423 3335 597 3435 Epistoli
626 3337 675 3410 ad
705 3334 1047 3434 Archiepiscopum
1076 3336 1267 3412 mittendi.

169 3451 506 3550 Archiepiscopus,
536 3451 581 3523 ei
610 3452 780 3548 accepti,
807 3451 856 3524 ad
887 3475 1019 3529 omnes
1050 3449 1267 3551 Episcopos

168 3566 322 3660 scribet,
335 3578 374 3640 et
388 3590 435 3639 ea
448 3564 575 3639 omnia
588 3563 873 3660 fienuquaejam
886 3563 1053 3638 indicata
1066 3575 1153 3641 sunt
1167 3567 1270 3641 circa

168 3680 308 3780 agendi
325 3680 510 3754 rationem
527 3677 745 3770 tenendam,
762 3677 823 3750 ubi
848 3676 980 3751 litterae
1003 3676 1186 3777 Episcopi
1204 3695 1267 3755 aut

169 3793 460 3893 Archiepiscopi
478 3792 734 3869 Sacerdotum
754 3790 908 3865 nomina
924 3803 1012 3866 ante
1029 3804 1189 3868 mortem
1207 3797 1270 3870 de-

169 3909 352 4010 signantis
370 3907 507 3983 fuerint
528 3917 704 4005 repertae:
729 3904 762 3979 si
787 3904 1004 4004 Episcopus
1030 3908 1270 4006 propinquior

127 4094 131 4099 .
169 4025 221 4100 ad
249 4022 594 4121 Archiepiscopum
621 4019 786 4095 scribere
811 4020 1032 4118 neglexerit,
1056 4022 1271 4123 Archiepis-

171 4163 292 4237 copus
326 4137 408 4235 ipse
438 4136 510 4210 tria
538 4135 691 4211 nomina
725 4132 981 4208 Sacerdotum
1012 4134 1271 4235 Suffraganeis

172 4252 359 4345 omnibus,
376 4250 640 4350 propinquiore
663 4272 740 4323 non
762 4259 937 4345 excepto,
954 4247 1174 4348 designabit.
1228 4253 1272 4326 Si

174 4381 307 4470 agatur
325 4367 374 4444 de
392 4363 683 4463 Archiepiscopi
700 4360 899 4457 electione,
912 4361 1037 4439 senior
1054 4363 1271 4464 Episcopus
