2820 5010
532 407 783 458 PROVlNclALE
811 408 873 458 Vll.

548 700 858 793 EPISTOLA

392 954 442 1003 no
469 952 706 1003 socrarrruu
732 916 1013 1003 naononmunu.

153 1160 489 1236 Excellentissimo
506 1162 687 1260 Principii
703 1161 919 1235 Vrucuurro
943 1160 1138 1234 Ooornoo
1157 1159 1254 1235 Mu·

202 1276 573 1369 1³2,anme
597 1275 907 1374 drohicpiscopo,
923 1274 1170 1374 Leopoldinc
1194 1277 1255 1349 ln-

201 1391 418 1464 atitutiooia
447 1391 680 1490 dignissim
707 1389 890 1483 Praesidi,
915 1391 1125 1487 ceterisque
1154 1392 1256 1489 sapi·

201 1504 413 1579 antissam
443 1504 614 1602 ejusdcm
641 1504 903 1577 Institutioois
927 1503 1256 1597 Moderatoribus,

202 1630 318 1718 utpute
349 1620 542 1693 uruocrais
564 1643 641 1717 per
672 1617 901 1692 dactriacus
935 1619 1100 1692 ditiones
1130 1620 1255 1692 Sociis

201 1733 595 1831 mamficentiaeimi33
623 1733 912 1833 Archicpiccopi
941 1745 978 1807 et
1001 1733 1186 1833 Episcopi
1212 1736 1256 1807 io

208 1848 381 1923 Concilio
406 1848 683 1922 Baltimorcosi
707 1847 949 1922 Provinciult'
974 1848 1143 1946 Septimo
1169 1872 1256 1921 coo-

199 1963 374 2063 gregcti,
388 1963 556 2036 sulutem
571 1972 609 2035 ct
621 1963 778 2062 gratias
788 1961 995 2060 plurimos.

235 2188 353 2265 ΟΝΑ
371 2215 455 2287 quae
472 2188 639 2287 plurimis
657 2188 794 2263 abhinc
816 2187 937 2282 annis,
953 2212 1000 2262 ex
1018 2189 1089 2286 piae
1105 2188 1256 2265 Institu-

251 2302 363 2377 tionis
398 2302 648 2400 Leopoldinae
677 2302 942 2396 munificentii,
972 2303 1042 2376 sub
1077 2304 1255 2401 auspiciis
1306 2380 1308 2385 ,

154 2417 421 2516 Amplitudinis
451 2429 527 2492 tuae
555 2429 845 2514 ceterorumque
873 2417 1175 2513 Moderatorum,
1191 2445 1257 2493 no

153 2530 210 2606 bis
227 2532 450 2607 transmissa
474 2531 625 2605 fuerunt
649 2531 699 2605 ad
725 2531 974 2605 excolendam
1000 2530 1099 2606 hanc
1117 2557 1255 2606 novam

153 2645 272 2720 rineae
287 2645 442 2721 Domini
460 2658 619 2743 partem,
630 2670 769 2744 magno
787 2645 940 2742 quidem
958 2646 1094 2720 auxilio
1109 2647 1255 2720 Ameri-

152 2784 289 2837 oanam
307 2759 525 2835 Ecclesiam
537 2761 728 2858 juverunt,
744 2784 817 2833 nec
834 2760 1067 2834 mediocrem
1084 2759 1255 2834 consola·

153 2876 296 2951 tionem
312 2875 550 2974 percepimus
569 2901 616 2950 ex
640 2875 835 2949 uberrimis
861 2876 1043 2951 fructibus
1062 2876 1255 2974 spirituali·

153 2991 223 3066 bus
241 2989 306 3088 qui
334 2989 488 3088 singulis
506 2989 614 3063 annis
632 2990 719 3063 inde
738 2989 859 3063 exorti
884 3002 984 3082 sunt,
1001 2991 1050 3064 ad
1072 2991 1253 3088 majorem

152 3104 228 3179 Dei
245 3103 415 3204 gloriam,
431 3116 545 3200 atque
571 3102 732 3176 salutem
750 3102 958 3176 animarum
984 3128 1142 3199 quarum
1161 3129 1254 3179 cura

152 3219 261 3294 nobis
279 3231 339 3294 est
357 3217 530 3291 divinitus
549 3218 763 3292 commissa.

200 3332 293 3408 Non
317 3331 500 3407 immeriti)
526 3332 637 3429 igitur
663 3331 774 3404 timor
798 3343 946 3404 mentes
965 3343 1116 3405 nostras
1133 3358 1254 3431 nuper

153 3448 278 3541 subiit,
289 3472 338 3521 ne
352 3447 589 3521 calamitates
604 3446 763 3544 publice
776 3458 815 3520 et
833 3445 988 3520 dissidia
1005 3472 1101 3543 quae,
1113 3447 1254 3522 inscru-

152 3563 255 3638 tabili
267 3562 345 3636 Dei
355 3562 512 3660 judicio,
526 3586 657 3635 omnes
676 3561 752 3635 sore
773 3560 978 3635 Christiani
996 3561 1096 3635 orbis
1115 3574 1254 3659 partae,

153 3676 360 3775 praesertim
388 3674 475 3750 veri)
502 3675 747 3749 Austriacum
778 3674 981 3772 imperium
1009 3678 1254 3750 conturbave-

152 3806 251 3885 runt,
262 3790 372 3889 hujus
384 3814 535 3887 quoque
548 3789 619 3887 piae
632 3788 882 3863 Institutionis
894 3788 1152 3883 fundamenta,
1165 3817 1253 3865 cum

153 3931 290 4005 magno
309 3914 523 3979 nostrarum
540 3902 768 3992 Missionum
790 3903 943 3996 damno,
960 3916 1171 3999 quaterent,
1189 3918 1255 3980 aut

153 4021 267 4095 etiam
292 4016 461 4093 funditus
492 4028 714 4092 everterent.
767 4018 1027 4114 Quapropter,
1054 4043 1255 4114 memores,

152 4147 192 4208 ut
209 4159 278 4233 par
295 4145 389 4226 erat,
405 4143 464 4205 tot
481 4144 520 4205 et
538 4145 727 4206 tantorum
749 4131 1018 4206 beneficiorum
1035 4132 1073 4206 in
1090 4158 1161 4206 nos
1180 4135 1255 4208 col-

152 4249 326 4343 latorum,
352 4272 430 4322 non
465 4247 676 4321 destitimus
711 4247 838 4320 Deum
874 4247 1068 4344 optimum,
1098 4248 1253 4323 Patrem

154 4362 507 4451 misericordiarum,
523 4361 648 4436 multis
675 4361 849 4457 precibus
876 4363 1078 4436 obsecrare
1104 4373 1146 4436 ut
1169 4362 1252 4436 illos
