2820 5010
153 331 205 402 22
443 298 969 402 conciniurr'aenrrrroannss

154 527 447 625 Scripturarum,
463 526 640 617 admitto,
664 549 738 601 nee
756 548 841 612 eam
859 544 1037 622 unquam·
1051 521 1128 599 nisi
1147 522 1257 622 juxta

153 640 367 718 unanimem
383 664 615 717 eonsensum
631 638 791 715 Petrum
816 637 1002 738 accipiam
1017 648 1059 713 et
1075 637 1255 736 interpre

153 754 301 830 tabor.'’
820 804 823 810 -

202 869 423 945 “Profiteor
447 892 599 966 quoque
626 878 775 966 septem
801 891 889 942 esse
918 886 1007 941 rere
1034 877 1077 940 et
1103 863 1252 964 proprie

153 984 408 1060 Sacramenta
437 1007 546 1058 norm
579 981 686 1082 legis,
710 1005 738 1056 a
763 979 863 1056 Jesu
890 979 1049 1056 Christo
1083 977 1249 1055 Domino

152 1110 284 1174 nostro
308 1097 492 1192 instituta,
507 1110 622 1194 atque
647 1096 698 1171 ad
722 1095 885 1171 salutem
909 1092 1065 1171 humani
1091 1092 1251 1194 generis,

151 1213 241 1288 lieet
256 1238 335 1288 non
351 1211 479 1287 omnia
502 1211 658 1311 singulis
683 1209 915 1304 necessaria,
931 1209 1081 1285 scilieet
1104 1206 1250 1307 Baptis

152 1351 268 1421 mum,
280 1325 636 1418 Confirmationem,
656 1323 952 1418 Eucharistiam,
971 1318 1250 1415 Pmnitentiam,

152 1440 375 1516 Extremam
392 1436 634 1533 Unctionem,
659 1438 858 1532 Ordinem,
882 1449 923 1513 et
946 1436 1249 1530 Matrimonium

150 1555 288 1652 illaque
306 1553 465 1654 gratiam
481 1552 675 1645 conferre,
698 1564 803 1628 etex
816 1551 873 1627 his
887 1550 1141 1651 Baptismum,
1154 1550 1250 1627 Con

150 1670 413 1762 firmationem,
423 1681 463 1743 et
473 1667 673 1762 Ordinem,
685 1668 767 1744 sine
781 1667 980 1767 sacrilegio
993 1658 1166 1742 reiterari
1176 1691 1250 1742 non

151 1809 277 1883 posse.
328 1782 528 1880 Receptos
554 1808 707 1881 quoqne
732 1794 773 1857 et
797 1783 1028 1881 approbatos
1059 1781 1252 1858 Ecclesia

152 1897 364 1973 Catholieae
391 1897 497 1992 ritus,
521 1896 560 1973 in
591 1895 892 1995 supradictorum
923 1895 1091 1970 omnium
1122 1899 1253 1972 Sacra·

151 2025 365 2087 mentorum
398 2010 560 2087 solemni
592 2008 915 2085 administratione
948 2008 1093 2109 recipio
1113 2021 1164 2084 et
1193 2010 1254 2103 ad

152 2126 276 2201 mitto:
302 2125 430 2201 omnia
446 2137 485 2200 et
502 2125 648 2226 singula
665 2149 749 2222 quae
765 2125 815 2199 dc
833 2138 996 2222 peccato
1013 2123 1202 2224 originali,
1213 2136 1252 2199 at

151 2241 200 2319 de
214 2239 497 2337 justificatione,
513 2239 551 2314 in
576 2251 825 2315 sacrosancta
841 2236 1066 2315 Tridentina
1091 2239 1253 2337 Synodo

153 2354 307 2430 definita
324 2364 362 2428 et
380 2354 576 2431 declarata
596 2353 759 2447 fluerunt,
774 2354 987 2452 amplector
1009 2364 1051 2426 et
1073 2351 1254 2451 recipio.”

201 2476 224 2515 “
233 2468 422 2543 Profiteor
452 2467 655 2565 paritario
688 2468 812 2542 Missa
840 2466 966 2542 offerri
991 2467 1080 2542 Deo
1113 2491 1255 2562 verum,

153 2583 355 2681 proprium,
372 2594 412 2657 et
428 2583 726 2680 propitiatorium
751 2582 990 2675 sacrificium,
1006 2607 1075 2680 pro
1095 2582 1200 2676 vivis,
1216 2596 1254 2657 et

152 2700 358 2811 defunetjs3
383 2709 497 2794 atque
516 2698 553 2771 in
572 2698 811 2772 sanctissimo
838 2697 1090 2772 Eucharistiae
1117 2698 1254 2773 Sacra·

153 2826 280 2886 mento
308 2837 393 2886 esse
422 2836 522 2906 vere,
538 2810 700 2904 realiter,
717 2823 756 2884 et
783 2810 1078 2885 substantialiter
1102 2836 1255 2910 corpus,

153 2938 192 3001 et
210 2925 443 3024 sanguinem,
461 2951 641 3000 unacum
667 2925 805 3018 anima,
822 2937 861 2999 et
878 2925 1071 3000 divinitate
1096 2925 1254 3000 Domini

152 3043 271 3116 nostri
283 3042 380 3116 Jesu
392 3040 546 3133 Christi,
558 3039 712 3137 fierique
731 3040 1017 3114 conuersionem
1036 3039 1153 3115 totius
1171 3043 1254 3116 suh

153 3157 301 3230 stantiae
322 3153 428 3253 panis
446 3155 483 3228 in
502 3179 654 3252 corpuS,
670 3167 709 3227 et
727 3154 845 3228 totius
869 3154 1094 3228 substantiae
1119 3155 1192 3229 vini
1217 3155 1254 3229 in

154 3270 390 3368 sanguinem,
407 3293 520 3365 quam
546 3268 832 3344 conversionem
851 3268 1053 3342 Catholiea
1074 3268 1253 3345 Ecclesia

154 3383 634 3458 Transsubstantiationem
652 3381 855 3481 appellat.'’

204 3499 378 3572 “Fateor
404 3498 518 3570 etiam
544 3499 613 3572 sub
640 3499 760 3570 altera
787 3509 934 3571 tantum
963 3496 1106 3594 specie,
1132 3509 1253 3573 totum

154 3628 268 3711 atque
294 3614 480 3711 integrum
499 3613 704 3704 Christum,
730 3636 933 3707 verumque
960 3611 1253 3687 Sacramentum

155 3730 261 3802 sumi.
316 3729 547 3802 Constanter
564 3739 676 3800 teneo
695 3726 960 3824 Purgatorium
979 3750 1079 3817 esse,
1096 3727 1254 3802 animas·

155 3868 229 3939 que
247 3843 295 3917 ihi
314 3843 487 3915 detentas
505 3841 670 3916 fidelium
689 3840 874 3940 suffragiis
886 3840 1021 3937 juvari.
1074 3840 1254 3916 Similiter

155 3969 195 4030 et
214 3957 379 4029 Sanctos
399 3979 474 4029 una
499 3980 586 4030 curn
604 3955 758 4030 Christo
784 3965 999 4054 regnantes,
1017 3957 1253 4030 venerandos

155 4082 270 4166 atque
295 4069 527 4144 invocandos
553 4095 659 4162 esse;
684 4095 827 4166 eosque
854 4068 1044 4144 orationes
1071 4069 1160 4143 Deo
1186 4095 1253 4167 pro

156 4184 264 4258 nobis
276 4182 429 4276 offerre,
447 4197 560 4281 atque
574 4210 704 4259 eorum
718 4184 893 4281 reliquias
907 4209 994 4258 esse
1005 4186 1251 4259 venerandas.

155 4297 389 4373 Firmissime
424 4321 556 4374 assero
590 4298 772 4398 imagines
807 4297 962 4392 Christi,
995 4322 1042 4373 ac
1076 4298 1255 4397 Deiparae
