2820 5010
152 395 223 465 100
432 413 642 466 concrnruu
669 414 955 468 annrruonansu

406 826 680 923 llllGlllll’A
722 827 1002 924 concrum.

153 1043 184 1119 l.
264 1045 538 1120 TATUTUM
576 1058 635 1121 est
672 1045 960 1145 supplicandum
993 1070 1081 1121 esse
1119 1047 1247 1123 SSrlio

280 1159 369 1234 Dno
382 1161 527 1235 Nostro
541 1161 745 1235 Gereonio
760 1160 840 1235 ΡΡ.
853 1161 962 1255 XVI,
976 1186 1044 1260 pro
1058 1163 1249 1238 erectione

151 1298 260 1349 novae
283 1276 385 1350 sedis
411 1275 651 1374 Episcopelis
675 1275 963 1374 Vincennopoli,
986 1276 1024 1350 in
1050 1275 1249 1353 Provineil

154 1389 330 1464 Indiam
1067 1448 1070 1453 .

203 1503 254 1577 Π.
283 1504 475 1579 Statutum
489 1516 548 1579 est
561 1505 848 1602 supplicandum
862 1504 904 1578 S.
920 1504 1028 1598 sedi,
1039 1518 1095 1599 ut,
1105 1507 1250 1581 sublati

154 1616 323 1693 Dioecesi
343 1620 573 1713 Richmond,
588 1632 671 1693 tota
696 1620 882 1720 Virginioe
899 1617 1102 1693 Provincia
1119 1619 1250 1696 Archi

153 1733 309 1808 dioecesi
325 1734 591 1809 Baltimorensi
607 1734 738 1809 iterum
756 1735 990 1834 adjungatur.

202 1846 275 1922 III.
302 1847 400 1922 Cim
415 1850 456 1922 S.
472 1849 728 1948 congregatio
743 1851 790 1923 de
808 1848 1059 1947 Propagandi
1076 1846 1176 1923 Fide
1189 1849 1250 1923 de·

154 1961 386 2036 mandaverit
420 1963 621 2061 Episcopis
651 1975 694 2037 ut
726 1962 967 2059 inquirerent,
995 1974 1035 2036 et
1067 1962 1251 2039 referrent

154 2075 305 2171 quinum
323 2077 397 2151 sint
414 2077 643 2175 singularum
660 2076 882 2151 Dioecesum
898 2076 1048 2170 limites,
1064 2077 1251 2153 humiliter

155 2191 197 2265 S.
217 2192 512 2292 Congregationi
528 2192 767 2268 referendum
785 2194 987 2267 duxerunt:

204 2306 498 2381 Archidioecesis
528 2306 813 2381 Baltimorensis
840 2305 1104 2406 complectitur
1130 2318 1251 2381 totam

155 2419 393 2496 Provinciam
409 2422 671 2521 Marylondioe
692 2447 779 2496 eum
799 2422 994 2496 Dietviem
1010 2420 1080 2517 (uti
1100 2420 1252 2517 dicitur)

158 2536 379 2631 Carambim,
391 2537 453 2612 cui
466 2537 580 2610 etiam
597 2535 798 2610 Provincia
815 2536 1000 2635 Virgiaiae
1013 2559 1097 2632 quae
1109 2534 1252 2634 imprec-

154 2650 356 2725 sentiarum
382 2650 591 2725 Dioeeesim
616 2650 834 2723 Richmoud
855 2649 1061 2743 constituit,
1077 2673 1126 2724 ex
1150 2650 1251 2724 Con-

154 2764 227 2840 cilii
245 2766 441 2859 sententie,
458 2764 603 2839 videtur
619 2763 868 2862 adjungenda.

201 2879 390 2955 Dioeeesis
401 2878 739 2976 Philadelphiensis
752 2877 1015 2974 complectitur
1025 2888 1147 2951 totam
1158 2875 1250 2951 Pro·

154 2994 312 3070 vinciam
324 2993 713 3095 Penneyloauioe,unl
725 3017 812 3067 cum
825 2991 1251 3086 ProvinciiDelawore,

154 3120 193 3182 et
210 3124 316 3207 parte
330 3110 556 3185 occidentali
572 3107 782 3182 Provinciae
793 3106 1050 3203 Newderseffi
1063 3131 1148 3205 quae
1162 3106 1248 3180 olim

155 3226 359 3298 vocabatur
383 3225 640 3322 Westnersey.

203 3337 390 3412 Dioecesis
421 3336 777 3412 Neo-Eboracensis
806 3335 1067 3433 complectitur
1095 3335 1249 3410 Provin-

156 3451 252 3524 ciam
271 3453 440 3550 ejusdem
457 3452 630 3545 nominiS,
646 3451 719 3524 uni
736 3476 822 3525 cum
841 3462 946 3547 parte
964 3449 1137 3524 orientali
1158 3450 1249 3524 Pro-

155 3566 284 3640 vinciae
299 3567 556 3664 Newderscy,
573 3567 660 3640 olim
679 3567 777 3640 dicti
798 3566 1050 3663 nasi-elersen

204 3679 302 3754 Cim
320 3692 446 3753 autom
460 3680 612 3774 antiqua
626 3679 754 3753 divisio
769 3679 959 3753 orientalis
978 3691 1016 3751 et
1034 3678 1249 3753 occidenta-

154 3794 211 3887 lis,
229 3820 295 3868 scu
314 3796 467 3867 Euolet
491 3794 752 3891 vvest-arsen
768 3795 848 3892 jam
873 3794 909 3866 in
933 3792 1069 3866 tabulis
1095 3817 1250 3892 geogra-

154 3909 273 4007 phicis
296 3909 606 4005 documentisque
631 3909 788 4006 publicis
812 3908 1033 4005 negligatur,
1051 3920 1089 3980 et
1115 3907 1250 3981 limites

154 4025 454 4123 Episcopatuum
472 4022 812 4120 Philadelphiensis
831 4034 869 4094 et
889 4020 927 4093 N
930 4020 1249 4095 eo-Eboraeensie

155 4143 198 4213 eei
212 4166 257 4213 ex
268 4151 377 4236 *parte
395 4137 534 4212 idcirco
551 4136 685 4211 incerti
699 4136 898 4228 evaserint,
911 4135 1056 4209 videtur
1073 4134 1251 4210 Patribus

153 4254 437 4351 supplicandum
452 4253 493 4324 S.
508 4252 601 4325 Sodi
616 4263 656 4324 ut
670 4250 839 4324 declaret
857 4250 1071 4323 Comitatus
1085 4250 1252 4324 Hunter-

153 4372 241 4463 don,
264 4370 315 4444 W
311 4395 438 4462 omen,
455 4368 706 4468 Burliugtou‚
728 4367 963 4459 (itancestre,
981 4367 1122 4463 Solm,
1143 4366 1253 4440 Cum·
