2820 5010
161 374 236 447 286
447 392 659 446 concnnur
687 388 975 443 rncrrnonnnsn

159 571 332 670 ingentes
351 571 602 668 procellarum
626 569 771 643 fructus
789 589 1033 666 componere,
1050 586 1253 663 pacemque

161 685 427 778 desideratam,
443 685 517 759 una
533 679 621 759 cinn
639 683 812 758 omnibus
829 681 1048 758 celestibus
1066 679 1255 771 fructibus,

159 799 286 898 largiri
299 799 533 897 dignaretur3
550 797 651 872 unde
662 796 771 872 fieret
788 810 828 871 ut
842 820 974 871 omnes
988 794 1120 893 populi
1137 792 1256 868 Chris·

158 913 250 989 tiani
274 914 312 988 in
337 913 553 1006 Germanii,
576 924 615 987 et
639 912 777 1009 ubique
803 923 1000 1004 terrarum,
1023 907 1254 1006 tranquillam

140 1029 273 1103 ¹vitam
291 1053 418 1128 agere,
435 1027 637 1123 liberisque
662 1027 850 1101 mentibus
875 1025 1044 1100 Domino
1072 1021 1255 1098 deservire

157 1143 337 1217 valerent.
389 1142 475 1216 Has
501 1141 654 1239 quidem
678 1156 830 1214 nostrus
856 1163 993 1237 preces
1009 1162 1091 1213 non
1111 1132 1255 1211 omnind

156 1256 290 1331 inanes
319 1257 436 1331 fuisse
470 1254 712 1330 confidimus:
747 1278 835 1328 nam
864 1253 952 1330 licet
982 1251 1255 1327 violentissime

156 1369 230 1446 illae
254 1382 500 1469 tempestates
525 1368 694 1444 nonddm
719 1367 872 1466 prensis
896 1367 1122 1462 resederint,
1138 1378 1256 1441 vestra

157 1497 286 1560 tamen
304 1485 544 1584 Leopoldina
559 1484 765 1577 Institutio,
777 1481 880 1556 omni
896 1482 1010 1556 laude
1028 1481 1161 1580 digna,
1176 1490 1254 1578 post

156 1601 271 1677 breve
282 1599 463 1699 temporis
476 1600 725 1693 intervallum,
736 1600 879 1673 bonum
892 1621 1004 1673 suum
1016 1621 1116 1695 opus
1127 1594 1254 1670 iterim

157 1716 314 1818 aggredi
343 1727 382 1791 et
410 1714 717 1814 persequimini
746 1713 913 1788 omniurn
940 1711 1194 1786 admiratione
1222 1720 1254 1783 et

157 1832 309 1932 gaudio,
325 1829 502 1905 decrevit.
547 1827 727 1905 Profectd
740 1828 779 1902 id
797 1840 944 1902 certum
961 1837 1022 1900 est
1035 1824 1124 1901 vere
1136 1823 1255 1901 Chris·

156 1947 269 2021 tianoe
296 1944 490 2020 charitatis
518 1943 653 2043 pignus
681 1956 796 2040 atque
823 1942 1016 2037 indicium,
1042 1965 1197 2016 necnon
1222 1950 1254 2013 ct

155 2059 322 2135 ardentis
350 2084 418 2158 pro
446 2059 590 2156 majore
619 2058 695 2132 Dei
712 2056 830 2156 glorii
856 2056 982 2151 studii,
998 2054 1101 2154 qudd
1125 2054 1253 2128 fratres

156 2175 288 2267 nostri,
304 2174 402 2248 inter
418 2186 497 2248 tarn
521 2174 659 2248 multas
685 2197 886 2267 aerumnas,
901 2196 974 2246 nos
999 2183 1039 2245 et
1059 2169 1254 2245 missiones

155 2301 307 2363 nostras
337 2287 584 2363 meminerint.
636 2285 721 2361 Nos
749 2311 902 2384 quoque
918 2285 1085 2360 vicissim
1105 2285 1205 2378 illos,
1218 2293 1254 2359 nt

155 2402 243 2501 pote
270 2402 536 2477 benefactores
561 2412 727 2494 nostros,
743 2426 884 2500 magno
911 2423 1042 2474 amore
1067 2396 1254 2498 prosequi·

156 2540 252 2611 mur,
281 2529 321 2591 et
354 2529 431 2590 tam
462 2514 601 2590 teneris
631 2514 807 2589 fratemae
837 2513 1031 2591 charitatis
1060 2513 1253 2590 affectibus

156 2632 454 2730 complectimur,
465 2642 506 2704 ut
523 2654 655 2704 eorum
672 2631 773 2703 mala
789 2631 966 2727 tanquim
984 2641 1118 2703 nostra
1135 2630 1254 2703 dolea-

155 2771 252 2839 mne,
266 2759 304 2821 et
322 2746 402 2818 sine
419 2745 696 2818 intermissione
715 2745 875 2819 divinam
894 2743 1194 2818 misericordiam
1211 2742 1253 2816 ad

155 2861 362 2935 subsidium
381 2872 634 2956 opportunum
653 2860 897 2933 obtinendum
914 2860 1171 2956 imploremus

203 2976 369 3068 Interea,
379 2975 428 3048 ad
440 2988 608 3049 mutuam
620 2986 789 3047 nostram
802 2975 1252 3068 consolationem,dicere

153 3089 244 3163 mihi
271 3091 384 3164 liceat
413 3091 595 3187 majorem
625 3090 779 3186 singulis
809 3089 916 3161 annis
940 3114 1047 3185 spem
1077 3089 1252 3190 effulgere

154 3205 253 3302 qudd
284 3204 524 3278 sanctissima
552 3204 648 3276 fides
677 3216 808 3277 nostra
837 3203 957 3301 magis
986 3227 1033 3277 ac
1062 3206 1185 3302 magis
1209 3204 1253 3278 sit

153 3319 411 3416 propaganda,
428 3342 592 3414 veraque
616 3317 692 3390 Dei
711 3317 890 3391 Ecclesia
911 3317 947 3389 in
965 3316 1073 3390 hisce
1100 3318 1254 3416 regioni-

152 3433 223 3506 bus
242 3431 474 3506 stabilienda.
529 3431 732 3527 Quotquot
758 3431 857 3505 enirn
876 3431 925 3504 ad
946 3432 1021 3504 hoc
1041 3432 1253 3507 Concilium

152 3547 420 3622 celebrandum
439 3546 500 3619 hic
519 3559 790 3638 convenerunt,
804 3547 875 3619 uni
893 3570 987 3618 voce
1005 3546 1255 3622 testificantur

152 3663 262 3759 quim
290 3661 468 3757 copiosos
496 3659 641 3735 fructus
661 3660 784 3733 divina
802 3660 921 3758 gratia
942 3661 1024 3757 jam
1042 3661 1081 3734 in
1099 3662 1253 3736 diversis

152 3776 263 3874 hujus
281 3775 445 3875 regionis
463 3775 673 3849 Provinciis
701 3786 859 3871 operata
876 3774 932 3847 sit.
987 3775 1069 3849 Sed
1088 3777 1253 3872 quamvis

152 3891 270 3964 multa
291 3893 372 3986 jam
400 3889 537 3964 effecta
566 3889 652 3982 sint,
669 3889 799 3987 negari
820 3914 897 3962 non
920 3902 1048 3986 potest
1065 3891 1175 3988 plura
1195 3893 1255 3966 ad·

151 4005 226 4079 huc
255 4030 457 4102 superesse
486 4006 722 4104 peragenda,
748 4030 869 4078 novas
898 4005 1045 4079 scilicet
1068 4007 1254 4081 dioeceses

152 4119 364 4216 erigendas,
382 4132 529 4193 veteres
553 4120 748 4217 augendas
767 4132 806 4193 et
828 4119 1121 4212 confirmandaS,
1139 4146 1254 4196 novas

153 4232 336 4308 ecclesias
355 4234 481 4308 multis
496 4235 533 4307 in
550 4234 644 4307 locis
659 4233 915 4326 aedificandas,
930 4234 1157 4329 Seminaria,
1171 4237 1255 4312 Col·

154 4347 251 4447 legia
269 4359 308 4421 et
325 4348 477 4422 scholas
496 4372 563 4445 pro
582 4347 641 4444 pii
661 4348 871 4446 juventutis
897 4348 1140 4444 educatione,
1157 4350 1254 4424 insti·
