2820 5010
204 388 256 461 24
425 406 598 461 srnoous
623 404 855 476 ormcnsnns,
880 404 982 455 nuno
1007 404 1075 456 nar.

205 585 320 659 verba
343 583 505 659 Concilii
527 583 729 680 important
746 581 971 654 sententiam
989 605 1065 654 non
1084 581 1212 676 latam,
1228 584 1299 659 sed

205 698 418 791 serendam,
438 697 564 771 verbm
578 696 761 795 Episcopi
774 707 840 769 aut
851 695 992 770 Vicarii
1006 695 1190 794 generalis
1202 698 1302 795 judi·

205 812 318 906 cium,
334 813 367 886 si
391 813 472 887 fieri
497 825 634 909 potest,
655 820 885 908 expectetur.
938 809 1132 891 Quoniam
1157 825 1300 907 autem,

205 939 360 1025 propter
376 951 551 1027 magnam
568 928 738 1001 locorum
756 927 983 1020 distantiam,
995 926 1033 999 id
1051 951 1202 1024 semper
1218 929 1300 1003 fieri

204 1065 281 1115 non
298 1054 436 1139 potest,
448 1043 664 1117 consideret
680 1066 811 1115 secum
825 1041 989 1138 prudens
1003 1040 1155 1135 Pastor,
1174 1047 1206 1116 1.
1233 1044 1298 1116 An

203 1169 387 1251 mortuus,
412 1181 480 1255 per
503 1157 641 1232 multos
667 1180 800 1250 annos,
824 1179 873 1229 an
898 1168 1025 1257 auterp
1050 1180 1126 1229 uno
1151 1156 1297 1230 tantirm

202 1272 260 1345 vel
285 1273 417 1366 altero,
441 1273 463 1346 i
486 1274 615 1347 mensi
640 1271 903 1346 Eucharisticri
927 1296 970 1345 se
996 1272 1235 1365 abstinuerit3
1259 1278 1295 1347 2.

202 1384 267 1459 An
284 1385 322 1459 id
339 1385 472 1460 fecerit
494 1411 582 1460 cum
598 1386 734 1484 magni
757 1385 1006 1478 contumacii,
1023 1397 1061 1458 et
1078 1387 1185 1483 quasi
1208 1412 1297 1461 con-

199 1510 345 1598 temptu
366 1500 572 1593 Ecclesia,
597 1504 631 1574 3.
657 1525 707 1574 an
723 1499 819 1574 illius
840 1524 965 1573 mores
988 1500 1139 1574 aliunde
1157 1501 1295 1577 fuerint

201 1614 345 1689 notorie
373 1615 577 1713 depravati,
593 1626 633 1689 ot
649 1614 737 1688 mali
761 1614 932 1710 exempli.
982 1617 1017 1686 4.
1045 1614 1118 1687 His
1137 1640 1296 1690 concur-

201 1730 381 1822 rentibus,
397 1738 624 1827 potestatem
650 1727 808 1801 facimus
836 1727 1108 1801 Sacerdotibus
1130 1730 1194 1825 qui
1220 1730 1295 1803 ani-

201 1868 346 1919 marum
364 1869 494 1918 curam
511 1854 639 1942 agunt,
650 1855 688 1917 et
699 1844 748 1917 ad
759 1867 843 1936 nos,
855 1843 915 1916 vel
927 1842 1121 1917 Vicarium
1140 1869 1295 1942 genera·

200 1958 288 2054 lem,
304 1984 497 2049 recurrero
514 1983 591 2032 non
608 1968 779 2056 possunt,
795 1957 922 2031 omnia
946 1956 1047 2055 priris
1072 1959 1294 2034 aestimando

200 2074 239 2149 in
256 2075 441 2150 charitate
458 2085 497 2148 et
513 2073 718 2148 visceribus
742 2073 1009 2146 misericordiae
1025 2096 1117 2172 erga
1134 2075 1238 2148 vivos
1256 2087 1295 2150 et

200 2190 433 2285 defunctum,
449 2190 681 2288 procedendi
698 2190 809 2287 juxta
824 2199 995 2263 tenorem
1013 2189 1164 2263 concilii
1182 2190 1295 2265 Late-

200 2306 384 2400 ranensis,
396 2307 428 2380 si
441 2306 494 2380 ita
507 2305 556 2379 ad
569 2305 750 2404 majorem
768 2304 843 2378 Doi
860 2304 1016 2403 gloriam
1029 2316 1068 2379 et
1085 2306 1294 2381 animarum

199 2421 360 2497 salutem
377 2420 610 2520 profuturum
630 2419 892 2518 judicaverint.
943 2418 1148 2493 Moncmus
1166 2431 1294 2496 autern

198 2547 242 2612 ut
257 2560 448 2634 nunquam
465 2558 542 2609 non
562 2533 849 2608 reminiscantur
865 2531 959 2607 velle
981 2532 1198 2608 Ecclesiam
1219 2534 1294 2611 bac

198 2649 353 2725 salutari
370 2648 564 2746 disciplini
576 2648 743 2721 viventes
761 2645 884 2744 potiris
901 2647 939 2719 iu
953 2645 1078 2721 officio
1096 2649 1295 2743 contineri,

199 2763 309 2861 quim
339 2763 470 2862 punire
501 2774 669 2835 mortuos
696 2786 765 2859 pro
791 2761 924 2858 quibus
955 2786 1089 2859 preces
1116 2762 1294 2838 continui>

198 2877 320 2973 offert,
336 2902 468 2952 omnes
494 2875 625 2951 fideles
652 2876 852 2950 defunctos
877 2875 1010 2950 divinae
1027 2876 1295 2953 misericordiae

198 2992 513 3068 commendando.

247 3109 321 3184 His
352 3109 373 3183 i
401 3105 737 3182 Reverendissimo
770 3103 967 3202 Episcopo
997 3105 1226 3200 constitutis,
1255 3118 1294 3181 ct

197 3223 323 3299 habiti
346 3248 435 3298 cum
459 3221 730 3295 venerabilibus
752 3219 1015 3294 Confratribus
1039 3220 1293 3295 collocutione

197 3340 246 3414 de
268 3338 512 3438 proponendi
532 3347 675 3411 sanctae
693 3336 787 3410 Sedi
808 3335 999 3409 erectione
1018 3360 1125 3409 novae
1141 3336 1292 3412 Dioece-

196 3479 286 3530 seos
308 3455 405 3528 intra
425 3453 520 3527 fines
543 3452 652 3551 hujus
681 3477 765 3549 quoe
788 3476 887 3525 nunc
910 3462 969 3525 est
993 3450 1292 3546 Baltimorensis,

196 3571 254 3646 vel
273 3571 320 3645 de
339 3570 572 3668 Coadjutore
590 3568 773 3666 Episcopi
791 3567 1076 3641 Baltimorensis
1094 3568 1292 3666 designan-

196 3687 260 3780 do,
276 3685 500 3760 concionem
524 3683 653 3757 habuit
673 3683 770 3756 Rev.
793 3682 842 3757 D.
867 3683 1038 3757 Joannos
1065 3681 1230 3778 Ashton,
1253 3695 1292 3757 et

195 3802 333 3878 deinde
351 3801 453 3875 dicto
472 3799 611 3898 hymno
635 3798 687 3874 Tc
703 3800 844 3893 Deum,
860 3798 944 3873 finis
963 3799 1123 3897 Synodo
1141 3798 1292 3898 imposi-

195 3929 256 3993 tus
275 3927 344 3990 est.
