2820 5010
172 390 251 463 wo
462 409 676 463 concinium
705 408 995 466 ammonuisse

221 590 255 660 6.
273 586 577 686 ,Αῑοὴίθρίεοορὶ
606 612 743 663 munus
769 587 841 663 erit
865 587 999 664 seduld
1022 588 1266 690 invigilasset

169 723 307 775 curare
324 711 366 775 ut
383 700 405 774 a
422 700 681 800 suffraganeis
698 701 858 799 aliisquo
879 702 1060 778 Statuum
1078 704 1267 780 Unitorun

168 814 375 913 Episcopis
386 816 513 889 omnia
524 841 772 914 quaecumque
789 816 865 891 hoc
882 816 1055 892 Decreto
1068 818 1111 892 S.
1128 820 1176 895 C.
1191 844 1269 919 pra

167 929 395 1023 scribuntur,
417 928 697 1029 religiosissime
722 942 928 1006 serventur.
980 931 1146 1007 Moneat
1171 932 1270 1033 Epis

169 1068 303 1141 copes,
320 1043 384 1140 qui
401 1055 672 1118 testamentum
688 1044 881 1120 conficere
898 1046 1005 1121 etad
1027 1044 1270 1146 Metropolim

33 1150 36 1157 “
167 1157 317 1232 mittere
342 1157 589 1257 neglexerint,
614 1159 673 1232 vel
696 1158 858 1234 formam
884 1159 906 1233 a
933 1159 1080 1259 legibus
1108 1160 1270 1238 civilibus

166 1272 385 1369 requisitam
401 1295 480 1346 non
497 1271 740 1368 servaverint,
756 1273 815 1348 vel
833 1273 959 1372 aliquo
976 1273 1209 1351 adminiculo
1225 1276 1269 1351 le

166 1384 275 1484 gibus
289 1385 479 1460 contrario
493 1385 582 1460 illud
599 1385 743 1461 irritum
759 1386 1002 1462 reddiderint
1055 1387 1102 1462 Si
1119 1390 1268 1487 quando

166 1511 294 1574 autem
323 1500 550 1575 monitiones
581 1525 670 1575 suas
700 1501 844 1576 nullum
873 1501 1052 1577 effectum
1082 1503 1265 1602 consequi

166 1613 311 1708 viderit,
327 1615 376 1690 de
394 1615 469 1690 hoc
488 1614 894 1714 §.congregationem
912 1615 1116 1692 certiorem
1134 1643 1204 1717 per
1218 1619 1266 1694 lit·

164 1741 267 1805 teras
292 1729 422 1805 facere
446 1753 524 1804 non
548 1729 710 1825 omittat,
725 1741 768 1805 ut
795 1742 1049 1829 opportunum
1070 1743 1112 1807 et
1136 1733 1267 1809 efficax

164 1844 374 1919 remedium
387 1843 476 1919 huic
489 1844 591 1918 malo
605 1844 785 1919 adhibere
799 1843 1020 1944 tempestive
1034 1846 1169 1944 possit
1208 1848 1267 1923 De

163 1959 298 2057 quibus
316 1959 490 2034 omnibus
508 1959 802 2059 Archiepiseopi
824 1948 1061 2037 conscientia
1079 1974 1266 2039 amemur.

214 2073 333 2156 Quod
351 2085 479 2148 autem
496 2084 649 2173 spectat
661 2075 712 2149 ad
728 2074 853 2173 ipsum
866 2075 1266 2175 Archiepiscopum,is

161 2187 227 2284 qui
248 2187 287 2263 in
310 2187 511 2263 Provincia
531 2187 739 2286 reperietur
756 2188 778 2262 d
794 2189 1086 2265 consecratione
1109 2190 1266 2290 Episco

163 2301 237 2400 pali
254 2304 432 2401 suscepta
446 2301 634 2400 antiquior
650 2301 883 2402 Episcopus,
894 2303 970 2380 hoc
987 2328 1127 2380 munus
1142 2304 1263 2383 obibit

208 2420 244 2490 7.
271 2414 362 2498 Qud
379 2428 507 2495 autem
532 2415 714 2515 praedicta
736 2417 865 2492 omnia
887 2416 956 2493 rite
980 2428 1020 2493 ot
1043 2418 1151 2496 recte
1177 2444 1264 2519 pre·

160 2541 262 2605 stare
280 2529 404 2604 valeat
420 2530 759 2629 Archiepiscopus,
776 2543 997 2606 accuratam
1019 2533 1195 2608 notitiam
1216 2535 1264 2608 lc·

160 2669 250 2744 gum
267 2645 371 2720 circa
395 2656 639 2739 testamenta,
656 2671 740 2743 quae
764 2645 803 2720 in
827 2670 1057 2744 unoquoque
1076 2672 1125 2722 ex
1154 2648 1264 2723 Stati

158 2760 229 2832 bus
248 2759 371 2833 Unitis
389 2759 527 2858 vigent,
541 2759 641 2835 sicut
657 2760 771 2834 etiam
789 2759 1116 2855 adminiculorum,
1130 2787 1212 2857 seu,
1224 2775 1263 2838 ut

157 2875 274 2968 aiunt,
280 2873 586 2972 formalitutum,
599 2900 684 2973 quae
700 2877 750 2950 ad
767 2887 1082 2951 testamentorum
1099 2878 1262 2954 validita-

156 2999 235 3063 tem
248 2989 498 3087 requiruntur,
508 3001 589 3063 tum
607 3014 675 3087 per
691 2989 909 3088 Episcopus
923 2990 1040 3089 ipsos,
1051 3002 1134 3067 tum
1149 2994 1261 3067 etiam

158 3128 226 3202 per
244 3103 555 3201 jurisconsultos
580 3115 619 3177 et
642 3104 735 3203 legis
754 3103 909 3202 peritos,
926 3104 1154 3202 quantocius
1172 3107 1262 3182 obti-

156 3241 247 3292 nere
273 3243 351 3291 non
376 3217 542 3310 omittat3
569 3229 607 3291 et
632 3241 681 3291 ne
708 3217 790 3292 haec
810 3218 937 3292 omnia
961 3218 1142 3293 memoria
1165 3220 1262 3296 exci-

156 3332 261 3427 dunt,
274 3356 405 3405 eorum
422 3331 628 3406 indiculum
642 3332 743 3429 apud
762 3356 805 3405 se
823 3332 1005 3430 scriptum
1022 3332 1211 3409 retinebit.

204 3449 239 3519 8.
266 3445 518 3519 Testamenta
535 3445 622 3518 vero
640 3444 734 3543 ipsa,
747 3470 832 3541 quae
849 3445 898 3519 ad
916 3446 1260 3546 Archiepiscopum

154 3562 361 3655 mittentur,
377 3562 479 3635 nullo
498 3560 619 3660 sigillo
637 3561 874 3655 claudentur,
892 3562 962 3636 sed
979 3561 1109 3636 solium
1126 3562 1166 3637 in
1184 3589 1259 3661 quo

153 3675 406 3767 includuntur,
423 3674 461 3748 in
486 3675 605 3749 sonna
630 3675 874 3772 epistolarum
899 3675 1037 3751 usitati
1057 3677 1260 3775 complica·

154 3801 247 3882 turn,
265 3800 305 3862 et
325 3788 629 3886 Archiepiscopo
653 3790 853 3864 vernaculi
877 3790 1002 3888 lingua
1025 3790 1261 3892 inscriptum,

152 3904 272 4003 sigillo
296 3902 497 3997 muniatur,
513 3904 566 3977 utl
590 3903 673 3978 aliae
696 3903 867 4000 epistolae
889 3930 1126 4001 communes,
1144 3920 1186 3983 ut
1209 3932 1257 3983 eo

151 4031 284 4117 aperto
298 4017 622 4116 Archiepiscopus
636 4030 905 4094 testamentum
924 4021 1064 4120 legere,
1078 4033 1194 4119 atque
1207 4048 1258 4098 an

151 4134 218 4209 ritd
236 4158 283 4209 ac
301 4133 404 4208 recte
423 4134 641 4210 consectum
667 4135 790 4229 suerit,
813 4135 986 4210 omnibus
1004 4137 1147 4212 attente
1177 4162 1257 4236 per-

151 4248 291 4347 pensiS,
301 4249 475 4347 judicare
494 4249 626 4346 possit,
640 4249 807 4324 adhibito
826 4251 953 4345 etiam,
967 4250 999 4325 si
1017 4276 1114 4350 opus
1133 4252 1257 4347 suerit,

151 4363 355 4464 peritorum
374 4364 410 4438 in
428 4363 573 4461 legibus
592 4363 758 4438 civilibus
778 4365 945 4441 consilio.
