2820 5010
439 423 673 496 nrucusnnn,
697 425 797 476 nuno
822 424 891 478 nen
1166 405 1212 478 13

115 611 183 674 aut
199 599 313 674 etiam
332 578 554 696 catholicis,
570 602 849 700 rebaptizentur
865 602 975 676 simili
996 602 1124 695 modo,
1139 602 1211 676 nisi

28 714 32 720 ’
117 714 330 790 Catholicae
354 716 450 789 tales
475 715 614 790 fuerint
630 728 672 790 ut
687 717 810 792 nullus
829 717 877 790 sit
902 717 1074 814 prudenti
1097 717 1211 792 dubio

116 828 225 904 locus
243 829 291 904 de
307 830 495 928 baptismo
514 830 633 905 valide
647 831 694 905 ab
708 831 799 929 ipsis
816 830 1086 905 administrato.
1139 832 1212 906 Ca·

116 942 281 1017 rendum
307 955 434 1019 tamen
462 946 510 1019 ab
538 946 746 1019 animarum
773 944 996 1019 Pastoribus
1023 969 1085 1039 ne,
1110 945 1212 1019 omni

116 1057 257 1131 omissa
288 1058 540 1156 inquisitione,
572 1060 808 1156 rebaptizent
841 1083 1115 1156 quoscumque,
1147 1059 1212 1156 qui

117 1170 218 1267 prius
236 1171 258 1246 a
274 1173 474 1248 sacerdote
491 1197 568 1246 non
584 1171 722 1246 fuerint
738 1172 939 1270 Baptizato,
955 1196 1004 1246 ne
1021 1173 1213 1248 incurrant

117 1283 156 1357 in
181 1310 332 1384 poenam
357 1287 640 1386 irregularitatis
666 1287 782 1360 latam
799 1287 847 1361 ab
865 1286 1084 1361 Alexandro
1106 1285 1212 1385 Papa

117 1398 180 1473 III
197 1412 332 1474 contra
347 1400 574 1498 baptismum
592 1401 783 1474 iterantes.

167 1517 202 1587 2.
230 1513 715 1611 Scaeuinusut,quantl1m
732 1514 753 1588 a
769 1514 992 1590 Pastoribus
1005 1514 1212 1589 animarum

118 1626 200 1701 lieri
224 1628 374 1725 poterit,
399 1629 566 1703 omniurn
587 1627 609 1702 ὲ
628 1654 670 1703 se
696 1630 972 1727 baptizatorum
996 1629 1149 1703 nomina
1173 1642 1213 1704 et

117 1754 224 1836 aetas,
239 1743 405 1840 itemque
430 1742 638 1817 Parentum
664 1755 703 1817 et
728 1742 968 1818 Patrinorum
993 1744 1158 1837 nomina,
1173 1745 1212 1818 in

117 1855 251 1931 librum
278 1857 492 1954 specialiter
517 1857 605 1933 huic
629 1856 714 1931 usui
740 1858 968 1931 destinatum
992 1857 1210 1932 reserantur.

166 1973 202 2042 3.
230 1970 399 2052 Quando
424 1972 591 2047 haeretici
616 1971 733 2046 adulti
758 1970 860 2069 prius
889 1970 1007 2046 valide
1033 1969 1212 2069 baptizati

118 2084 167 2157 ad
193 2083 307 2159 fidem
333 2098 613 2179 convertuntur,
630 2085 855 2185 exigendum
871 2109 948 2159 non
966 2099 1025 2160 est
1045 2098 1087 2161 ut
1102 2086 1213 2162 omis

119 2223 172 2272 sae
189 2200 365 2297 baptismi
383 2200 609 2274 ceremoniae
625 2200 880 2296 suppleantur.

328 2481 376 2531 DE
404 2478 650 2530 SACRAMENTO
678 2478 1006 2531 constann'rlottts.

168 2660 203 2730 4.
231 2655 462 2730 osianna
488 2654 690 2751 loquendo,
711 2679 778 2752 pro
801 2654 873 2731 hac
893 2654 1063 2732 Dioecesi
1080 2660 1213 2732 statui-

119 2795 208 2845 mus
233 2781 512 2844 sacramentum
538 2767 834 2843 confirmationis
859 2794 935 2843 non
961 2771 1062 2867 prilrs
1087 2771 1213 2849 conle-

121 2885 278 2958 rendum
308 2885 447 2981 pueris,
473 2882 583 2980 quarn
613 2883 768 2956 rationis
796 2907 906 2956 usum
935 2884 1136 2982 attigerint,
1165 2908 1212 2961 ac

121 3000 347 3074 sacramenti
373 2999 601 3096 poenitentiae
617 2996 846 3095 suscipiendi
872 3021 1035 3093 capaces
1059 2998 1214 3092 suerint3

122 3115 290 3212 quamvis
325 3137 400 3187 non
435 3113 517 3187 raro
550 3114 600 3187 ob
634 3110 935 3186 circumstantias
969 3112 1213 3208 particulares

122 3229 235 3302 etiarn
255 3229 465 3327 junioribus
483 3227 753 3302 conferendum
771 3226 829 3299 sit.

355 3529 536 3592 SESSlO
564 3529 978 3591 Ill-Dasumiano.

360 3734 410 3784 DE
438 3733 683 3783 sncnlltfflnro
712 3732 983 3783 EUCHARlS'l'lAE.

171 3916 204 3982 5.
242 3908 317 3983 UT
352 3908 427 3982 SS.
460 3908 711 3983 Eucharistiae
740 3908 967 3982 sacrificium
997 3911 1215 3986 cumomni

122 4023 331 4097 reverentia
359 4046 406 4096 ac
438 4023 565 4096 debito
600 4020 743 4096 honore
773 4022 996 4114 celebretur,
1025 4035 1139 4121 atque
1172 4037 1215 4099 ut

121 4137 277 4211 Fideles
298 4138 418 4235 magis
445 4137 639 4234 magisque
658 4137 867 4210 excitentur
883 4136 933 4210 ad
950 4161 1135 4211 summam
1154 4139 1216 4214 de

124 4252 311 4325 votioncm
330 4275 421 4349 erga
441 4251 663 4323 immensum
691 4250 764 4324 lroc
783 4250 916 4325 divinae
933 4251 970 4323 in
988 4274 1058 4324 nos
1076 4253 1216 4327 miseri·

124 4364 263 4439 cordiae
305 4366 458 4463 pignus:
502 4363 685 4438 Volumus
724 4376 765 4437 ut
808 4364 966 4461 populus
1000 4364 1215 4461 frequenter
