2820 5010
560 410 814 463 raovrncmcr.
841 411 889 461 iv.
1178 389 1248 460 165

151 588 503 664 ecelesiasticomm
525 587 731 681 securitati,
751 599 790 660 et
814 585 998 685 Episcopi
1019 584 1256 660 convenienti

152 702 421 778 sustentationi
439 704 669 777 consulatur.

339 952 539 1015 SECUNDA
559 950 860 1014 CONGREGATlO
881 950 1071 1011 PUBLICA.

204 1163 283 1237 Dm
305 1167 351 1236 19
376 1161 484 1256 Maii,
500 1160 628 1235 habita
645 1173 705 1235 est
721 1160 893 1235 secunda
917 1158 1176 1258 Congregatio
1193 1184 1257 1258 pu·

155 1277 256 1352 blica
272 1277 411 1352 eodem
427 1275 516 1351 loco
534 1274 682 1349 othoni
699 1273 832 1372 quibus
851 1273 980 1370 prima.

205 1391 408 1467 Discussio
445 1389 696 1487 quaestionum
730 1389 768 1462 in
804 1387 956 1486 privatis
992 1387 1257 1487 theologorum

157 1506 528 1606 congregationibus
545 1527 798 1603 expensarum
815 1503 1036 1579 continuata
1052 1515 1121 1577 est

358 1708 520 1817 'renuit
541 1752 840 1816 GONGREGATIO
860 1750 1055 1814 PRIVATA.

207 1965 286 2039 Dm
303 1969 354 2039 20
370 1965 477 2060 Maii,
489 1964 619 2039 habita
635 1977 696 2038 est
711 1964 822 2038 tertia
840 1963 1099 2064 congregatio
1116 1963 1261 2062 privata

159 2080 295 2153 eodem
313 2079 399 2154 loco
418 2092 457 2154 et
474 2079 566 2153 honi
583 2078 718 2176 quibus
736 2078 865 2176 prima.
1084 2136 1088 2155 2

209 2193 347 2267 Patres
374 2205 588 2267 statuerunt
613 2217 697 2290 quae
717 2191 755 2266 in
776 2191 955 2266 Decretis
979 2197 1013 2286 l,
1028 2194 1066 2286 2,
1083 2195 1160 2286 3,4
1180 2205 1220 2266 et
1238 2199 1261 2266 5

159 2308 409 2382 continentur.
460 2306 682 2383 Occasione
703 2307 848 2381 decreti
865 2307 985 2404 primi,
1001 2307 1178 2382 Patribus
1196 2309 1268 2382 ad,

155 2423 363 2496 notandum
393 2421 534 2520 placuit
560 2422 795 2496 Sacerdotes
821 2433 927 2495 veste
957 2421 1068 2495 talari
1093 2422 1260 2516 indutos,

160 2535 377 2635 Episcopos
402 2536 557 2634 insuper
578 2534 768 2630 rochetto,
784 2534 959 2633 epomide
976 2558 1024 2609 ec
1041 2560 1157 2610 cruce
1175 2561 1261 2634 pec-

160 2651 269 2725 torali
286 2663 454 2745 ommes,
469 2650 594 2724 mixtis
612 2649 809 2724 connubiis
830 2649 983 2723 adstare
1001 2648 1144 2723 licitum
1162 2674 1259 2723 esse.

208 2765 405 2840 Statumm
421 2765 444 2839 ὲ
459 2765 638 2840 Patribus
655 2777 716 2839 est
736 2776 899 2862 quatuor
916 2763 1091 2838 concilia
1107 2763 1261 2838 Provin-

161 2880 247 2954 ciali
272 2879 564 2955 Baltimorensia
586 2880 686 2977 typis
711 2880 928 2953 mandanda
948 2903 1048 2973 esse,
1065 2878 1191 2952 statim
1209 2891 1262 2953 at-

161 3020 235 3092 que
252 2995 296 3069 S.
316 2994 441 3069 Sedes
459 2994 582 3091 quarti
603 2995 761 3069 decreta
781 2993 1006 3091 probaverit,
1023 3004 1062 3065 et
1083 2992 1182 3066 mille
1199 3018 1261 3067 ex·

164 3109 345 3207 emplaria
360 3133 448 3184 cum
465 3108 704 3206 alphabetico
722 3108 846 3183 indice
864 3106 1024 3181 edenda.

212 3223 364 3297 Deinde
381 3223 430 3298 de
450 3223 778 3297 emendationibus
802 3222 839 3295 in
857 3220 1020 3296 decretis
1038 3220 1261 3318 quibusdem

165 3336 313 3412 concilii
334 3336 618 3411 Baltimorensis
645 3335 891 3410 Prouincialis
912 3334 1024 3428 tertii,
1034 3335 1145 3433 juxta
1168 3335 1262 3409 litte

166 3475 226 3525 ras
244 3450 371 3525 Reum
387 3450 536 3546 missas,
553 3463 681 3526 ectum
699 3463 767 3525 est.

366 3696 520 3759 TERTIA
541 3696 839 3760 CONGREGATIO
859 3696 1048 3758 PUBLICA.

215 3905 294 3979 Dm
316 3904 411 3980 Maii
434 3910 496 4001 20,
512 3906 604 3980 hora
629 3907 759 4003 quarti
776 3905 821 3979 P.
840 3904 895 3979 Μ.
914 3904 1043 3980 habita
1068 3920 1127 3981 est
1152 3909 1262 3983 tertia

168 4019 425 4118 Congregatio
435 4020 741 4118 publicaeodem
752 4019 838 4094 loco
850 4031 890 4092 et
899 4021 1015 4094 modo
1026 4021 1159 4118 quibus
1172 4021 1261 4097 heri.

215 4134 362 4208 Praeter
387 4135 483 4209 Rev.
503 4134 592 4208 DD.
612 4133 835 4232 'I'beologos
861 4133 973 4231 supra
993 4159 1263 4210 commemora·

168 4261 240 4342 me,
261 4249 380 4323 adsuit
405 4249 501 4322 Rev.
529 4247 578 4322 D.
603 4248 812 4322 Pitumnus
837 4246 1062 4342 Momm,
1084 4251 1124 4324 S.
1144 4251 1191 4324 T.
1211 4250 1260 4324 D.

1267 4365 1277 4401 (
