2820 5010
501 412 508 427 ’
551 422 806 475 ηονικοιΛιε
833 424 856 474 1.
1207 402 1252 473 ⁵1

153 597 419 695 pontificaliter
430 597 470 674 in
484 598 704 674 Catbedrali
721 598 898 675 Ecclesii
910 597 1126 693 celebravit,
1138 597 1256 672 adsis·

153 712 318 787 tentibus
348 712 521 788 Praelatis
549 726 588 788 et
617 713 905 806 Sacerdotibus,
930 724 1042 811 prout
1070 712 1109 787 in
1139 712 1256 810 primi

154 824 339 903 Sessione
364 827 603 904 factumest
656 828 893 904 Conoionem
922 827 1052 902 babuit
1079 826 1253 902 Revinns

155 937 373 1039 Episcopus
388 940 731 1040 Carolopolitanus.
782 941 880 1016 Post
897 941 1074 1034 Sacrum,
1087 941 1253 1039 psalmus

154 1066 195 1130 et
211 1056 373 1154 hymnus
391 1069 503 1154 prout
519 1056 558 1133 in
574 1056 790 1134 Pontificali
809 1056 1101 1156 praescribuntur
1118 1057 1256 1131 decan·

154 1169 223 1244 tati
240 1183 341 1265 sunt,
358 1183 562 1269 ceteraque
579 1196 649 1269 pro
667 1195 773 1246 more
790 1184 956 1270 peracta

204 1285 357 1362 Deinde
390 1286 506 1379 titulis
537 1288 778 1363 decretorum
808 1311 893 1384 quoe
919 1288 1001 1385 jam
1030 1285 1068 1360 in
1102 1284 1254 1383 privatis

155 1399 315 1477 Petrum
328 1402 698 1501 congregationibus
715 1413 849 1500 parata
861 1411 1061 1500 erant'per
1078 1402 1255 1476 Secreta·
1371 1468 1374 1475 .

154 1514 251 1590 rium
269 1541 317 1590 ex
333 1517 515 1592 mandato
531 1516 631 1591 Illnri
648 1516 697 1590 D.
715 1516 1007 1616 Arcbiepisoopi
1024 1516 1146 1609 lectis,
1162 1514 1255 1590 Pro·

155 1643 281 1705 motor
293 1631 457 1707 instabat
468 1656 537 1730 pro
550 1631 718 1730 ipsorum
730 1632 970 1707 decretorum
983 1631 1255 1729 approbatione

157 1757 196 1819 et
211 1746 515 1840 confirmatione,
531 1745 589 1821 bis
607 1746 746 1821 verbis:
772 1746 1101 1821 Reoercrrdicsime
1121 1747 1257 1840 Pater,

156 1884 231 1960 ego
269 1861 533 1953 Bannnrcrus,
568 1860 788 1959 spiscopus
822 1860 1105 1954 Bononiensis,
1139 1861 1257 1961 bajus

156 1977 285 2050 sancti
305 1974 471 2050 Gonciiii
486 1974 708 2067 Prmnotor‚
717 1986 811 2075 pcto
827 1986 873 2048 nt
888 1975 1057 2050 Decreta
1072 1976 1152 2049 boec
1170 1999 1257 2073 poc

156 2090 257 2164 lecta
278 2087 423 2196 aunan
445 2090 634 2164 Patribus
656 2091 772 2189 bajas
798 2089 963 2164 Concilii
983 2091 1258 2189 approbentur,

155 2217 193 2281 ct
208 2205 498 2303 corfinncntor,
508 2207 562 2281 nd
571 2206 755 2280 &cleric
770 2204 978 2281 Catholicae
989 2216 1253 2304 augmentum.

204 2318 342 2418 Itaque
352 2318 527 2395 Renibus
538 2319 588 2394 D.
601 2319 926 2418 Arohiepisoopus
937 2320 1095 2395 Petrum
1108 2310 1258 2396 senten·

154 2433 247 2511 tiam
269 2434 485 2532 exquirens,
501 2434 556 2510 sio
578 2459 646 2509 eos
670 2432 807 2511 affatus
828 2446 903 2509 est:
928 2435 1115 2509 Placetne
1137 2436 1258 2529 vobis,

156 2552 391 2626 venerabiles
404 2551 576 2644 stanes,
587 2551 668 2626 baec
682 2575 770 2649 quc
787 2552 887 2625 lecto
898 2541 991 2625 erint
1007 2551 1177 2625 Decreta
1193 2577 1258 2650 ap-

152 2665 332 2765 probare,
354 2677 391 2740 et
417 2665 674 2764 confirmare?
725 2665 780 2740 Et
804 2665 938 2764 singuli
963 2665 1256 2763 responderunt:

156 2779 307 2873 Placet,
333 2781 605 2879 approbamus,
634 2780 919 2877 conflnnamua.
980 2778 1092 2854 Tunc
1122 2780 1258 2854 Secre-

157 2894 274 2969 tarius
305 2895 501 2971 decretum
527 2895 576 2970 de
602 2893 875 2993 approbatione
903 2906 943 2969 et
971 2893 1258 2969 confirmatione

157 3007 232 3083 alu
247 3033 343 3083 voce
360 3007 463 3108 legit,
479 3019 521 3083 nt
538 3008 721 3106 sequitur:
741 3009 829 3083 Nos
844 3008 1032 3101 Jacoaos,
1043 3008 1259 3108 drobicpir·

157 3146 279 3224 copnc
295 3124 605 3218 Baitimorcneis,
621 3125 763 3223 aliique
780 3125 965 3224 Episcopi
987 3125 1031 3198 in
1054 3124 1126 3198 boc
1143 3149 1256 3201 scaro

161 3237 335 3313 Concilio
352 3239 528 3331 Munati,
544 3239 714 3313 Decreta
728 3239 810 3313 boec
831 3263 917 3336 pnoe
933 3263 1027 3312 mox
1046 3240 1146 3313 lecta
1162 3252 1258 3316 runt

158 3354 431 3454 approbamus,
447 3365 485 3429 et
502 3353 784 3451 confimaturus.
837 3355 988 3437 Quibus
1012 3354 1136 3451 dictis,
1158 3354 1259 3431 Prae

158 3467 224 3547 lati
241 3492 373 3543 omnes
391 3479 479 3566 post
492 3467 686 3543 Revnum
703 3466 752 3541 D.
769 3467 1111 3567 Archiepisoopum
1128 3494 1258 3544 acces·

159 3593 303 3677 serunt,
318 3593 359 3656 et
375 3582 538 3658 decretis
557 3581 870 3680 subscripserunt.

208 3694 322 3776 Tunc
340 3695 513 3771 Revnus
532 3696 736 3771 Promotor
749 3696 913 3772 instabat
928 3722 997 3795 pro
1010 3697 1256 3774 conclusione

160 3809 322 3916 synodi,
331 3810 390 3885 his
403 3812 541 3886 verbis:
558 3813 888 3887 Reuerendirsime
900 3813 1035 3907 Pater,
1045 3839 1118 3914 ego
1133 3813 1258 3888 Brenn·

159 3948 312 4017 proras,
327 3925 545 4025 Episcopus
562 3926 845 4020 Bononiensis,
855 3927 972 4026 bajus
982 3930 1111 4002 sancti
1126 3927 1259 4002 Conci·

158 4036 202 4113 lii
217 4039 441 4132 Promotor,
449 4051 545 4139 pcto
558 4052 603 4114 nt
619 4040 709 4114 bnic
728 4041 901 4117 Concilio
912 4042 1258 4140 Prooirwioliflnia

155 4154 340 4254 jnmstot.
379 4155 552 4229 Revffius
566 4154 615 4229 D.
631 4155 956 4256 Arcbiepisoopus
970 4158 1107 4232 deinde
1120 4157 1258 4232 Patres

159 4268 418 4368 interrogavit:
442 4269 683 4346 Venerabilen
701 4271 872 4365 Fratres,
881 4273 1062 4372 placetne
1078 4273 1198 4365 vobis,
1210 4273 1264 4347 ad

159 4383 237 4459 Dei
267 4384 551 4485 omnipotentis
575 4387 741 4480 laudm
765 4387 881 4486 bojas
908 4386 1074 4462 Concilii
1099 4388 1261 4464 Prooin
