2820 5010
163 378 238 451 184
450 395 664 449 concmmu
690 395 982 451 mmmm

388 688 597 784 Batava
642 687 1045 785 Erlstottnu

161 942 213 993 88.
231 919 298 992 nit
324 940 459 992 noscat
485 940 667 992 cunoni}
691 941 746 993 PP.
769 941 835 993 XV!
858 942 908 993 An
934 940 1266 996 Ancntnrtscormt

195 1054 518 1107 nutatuonnrtsntt
535 1055 584 1106 ET
600 1054 804 1107 nrlscoros
820 1056 912 1109 utus
930 1056 1237 1109 SUFFBAGANBOS.

167 1260 454 1337 Venerabilt‘dus
495 1257 701 1334 &mribus
739 1259 933 1356 smum,
966 1262 1267 1363 archiepiscopo

340 1375 631 1470 Boltimorcnei,
647 1386 686 1450 ct
701 1379 786 1475 ojus
803 1375 1086 1477 suffragancis.

334 1601 718 1680 GREGORIUS
753 1603 924 1681 PAPA
957 1605 1090 1682 XVI.

233 1832 481 1910 venerabiles
497 1834 671 1929 Fratres,
687 1834 849 1911 salutem
866 1847 907 1912 et
923 1836 1192 1937 Apostolicam

551 1949 867 2026 benedictionem.

231 2178 418 2255 LURES
430 2179 650 2278 accepimus
660 2179 818 2277 litteras,
828 2204 923 2278 quas
936 2180 974 2256 in
985 2180 1091 2257 exitu
1100 2180 1267 2259 Consilii

240 2293 487 2369 Prouincialis
498 2293 785 2369 Baltimorensis
796 2292 854 2368 lv
861 2293 883 2368 ὲ
893 2293 999 2369 vobis
1010 2318 1146 2371 mense
1155 2294 1266 2371 Maio

156 2406 350 2501 celebrati,
366 2406 416 2482 ad
442 2431 514 2481 uos
533 2406 704 2501 dedistis,
720 2419 801 2482 tum
817 2418 861 2483 ut
881 2419 1049 2483 vestrum
1066 2432 1160 2508 erga
1184 2432 1266 2508 per·

156 2546 290 2597 sonam
316 2520 534 2596 humilitatis
554 2533 696 2596 nostrae
716 2533 964 2618 sanctamque
991 2522 1090 2598 hanc
1116 2523 1264 2599 Sedem

155 2636 393 2734 obsequium,
409 2635 567 2734 repetiti
591 2636 664 2710 und
689 2660 823 2710 omnes
845 2635 1103 2711 decimatione
1129 2637 1265 2713 confir·

156 2751 323 2844 maretis,
339 2762 585 2848 nostrumque
604 2750 770 2826 animum
788 2776 835 2825 ex
857 2750 1006 2826 afflictis
1029 2776 1108 2826 non
1125 2776 1205 2826 uno
1226 2752 1263 2827 in

155 2865 242 2941 loco
269 2864 459 2940 Ecclesiae
483 2866 595 2939 rebus
621 2864 837 2959 sollicitum,
853 2865 1174 2963 vehementerque
1201 2867 1265 2941 do·

154 2981 309 3074 lentem,
325 2978 579 3053 amantissimd
601 2979 912 3071 consolaremini,
937 2991 1017 3054 tum
1039 2980 1127 3054 verd
1149 2992 1193 3056 ut
1214 2982 1263 3058 de

155 3095 329 3170 omnibus
344 3093 506 3170 Consilii
519 3093 644 3189 Actis,
654 3119 759 3169 moro
773 3095 971 3193 majorum,
981 3096 1031 3170 ad
1044 3119 1262 3194 supremam

155 3208 262 3286 Petri
276 3210 408 3284 sedem
422 3208 644 3303 reserentes,
655 3209 762 3284 enixe
776 3209 1025 3307 precaremini
1034 3223 1077 3283 ut
1089 3209 1263 3286 Decreta

127 3338 130 3343 ’
153 3324 192 3399 in
208 3324 272 3398 illo
291 3323 394 3397 edita
411 3324 571 3421 probare
588 3324 648 3397 vel
666 3323 793 3417 etiam,
805 3323 869 3397 ubi
886 3347 982 3422 opus
999 3323 1124 3418 suerit,
1137 3350 1263 3400 emen·

154 3441 246 3516 dara
271 3439 441 3533 velimus,
466 3451 581 3535 atque
606 3438 760 3536 insuper
785 3439 965 3513 nonnulla
990 3439 1187 3539 indulgere
1213 3465 1261 3517 nc

154 3555 375 3648 decemero,
392 3578 477 3649 quae
499 3551 605 3627 vobis
632 3552 716 3627 istic
741 3552 780 3627 in
805 3552 994 3652 religionis
1020 3554 1164 3629 bonum
1180 3580 1262 3630 ces

153 3691 244 3743 sura
259 3666 340 3740 visa
362 3676 460 3740 sunt.
511 3666 602 3740 Jam
619 3665 707 3740 verd
725 3668 774 3741 ad
799 3679 1031 3742 memoratas
1057 3668 1260 3766 petitiones

153 3794 298 3857 vestras
316 3805 542 3877 responsum
555 3780 750 3878 accipietis
769 3806 837 3878 per
854 3794 1023 3855 nostram
1040 3781 1262 3882 Propagan-

153 3897 213 3972 dae
229 3894 341 3971 Fidei
355 3894 718 3993 congregationem,
730 3895 794 3970 cui
807 3894 970 3970 Concilii
982 3895 1087 3970 Acta
1099 3922 1261 3996 cognos-

152 4012 277 4087 cenda
296 4009 571 4103 mandavimus,
588 4035 635 4084 ac
660 4020 831 4083 nostram
856 4034 970 4107 super
994 4009 1064 4083 illis
1090 4025 1258 4086 mentem

151 4123 453 4225 significavimus.
489 4123 544 4197 Et
556 4123 742 4197 habebitis
757 4123 909 4220 quidem
922 4124 960 4196 in
974 4124 1146 4222 ejusdem
1160 4125 1259 4201 Con·

152 4237 380 4340 gregationis
399 4237 531 4312 litteris
546 4262 685 4311 novum
700 4236 972 4312 documentum
985 4238 1185 4338 singularis
1198 4241 1259 4314 be·

150 4353 386 4449 nevolentiae,
402 4354 475 4452 qui
492 4375 573 4447 vos,
590 4352 837 4428 venerabiles
856 4352 1026 4446 Fratres,
1043 4353 1257 4430 Ecclesias-
