2820 5010
423 440 656 505 urucasxrui,
682 439 781 490 runo
807 437 875 489 troi.
1152 419 1195 488 15

150 619 184 690 8.
212 614 346 691 Factae
359 616 380 690 a
392 615 587 699 Fidelibus
599 616 809 691 oblationes
821 627 862 689 ut
878 615 1005 688 Deum
1020 614 1090 688 sibi
1104 615 1195 687 suis-

101 755 176 827 que
202 756 269 829 per
296 730 371 804 SS.
394 730 527 804 Missa>
552 730 778 805 sacrificium
803 728 1002 826 propitium
1024 728 1196 819 reddant,

98 844 154 918 ita
170 845 400 943 recipiantur
416 847 463 918 ab
481 845 525 918 iis
544 845 608 941 qui
624 844 731 917 altari
749 843 976 933 deserviunt,
986 854 1027 915 ut
1044 866 1194 914 omnem

99 959 265 1032 avaritiae
281 972 348 1033 aut
364 958 582 1032 simoniacae
605 957 699 1032 labis
721 956 888 1054 speciem
906 956 1057 1049 evitent,
1073 981 1195 1052 eoque

100 1072 289 1170 stipendio
307 1073 478 1147 contenti
495 1073 569 1146 sint
586 1072 689 1169 quod
713 1095 836 1167 neque
854 1094 967 1168 grave
985 1071 1055 1143 erit
1072 1070 1197 1144 confe-

100 1187 282 1281 rentibus,
298 1211 422 1284 neque
440 1187 494 1260 ita
509 1186 700 1260 modicum
717 1196 760 1259 ut
780 1182 1017 1258 sacerdotale
1035 1185 1197 1258 ministe-

100 1300 198 1375 rium
222 1300 294 1375 vile
319 1325 367 1375 ac
392 1300 527 1376 nullius
553 1299 688 1373 valoris
714 1299 762 1373 ab
788 1297 967 1396 imperitis
994 1299 1196 1373 existimari

102 1414 235 1512 possit

152 1531 187 1601 9.
216 1527 295 1603 Pro
320 1528 531 1604 exhibendi
555 1527 689 1626 majori
714 1551 805 1625 erga
829 1526 1042 1600 venerabile
1065 1525 1198 1601 Missas

103 1641 334 1717 sacrificium
358 1643 577 1736 reverentii,
594 1641 815 1716 sacerdotes
840 1641 879 1714 in
900 1665 947 1714 eo
969 1640 1196 1715 celebrando

102 1768 208 1831 veste
241 1757 350 1831 talari
383 1757 488 1856 nigra
520 1779 670 1854 semper
703 1766 866 1848 utantur,
900 1753 1079 1850 quantum
1115 1756 1197 1830 sine

102 1894 241 1969 magno
258 1871 501 1946 incommodo
518 1869 600 1944 fieri
623 1871 779 1966 poterit,
805 1892 852 1943 ac
871 1869 1002 1942 eadem
1021 1870 1134 1943 etiam
1159 1871 1197 1944 in

101 1987 240 2061 ceteris
265 1987 480 2061 ministeriis
506 1985 664 2084 publicis
682 2010 769 2059 cum
787 1984 1062 2082 superpelliceo
1079 1985 1198 2060 induti

101 2102 320 2199 appareant

155 2221 212 2289 10.
238 2214 482 2314 Experientia
511 2228 642 2289 notum
673 2227 732 2288 est
761 2213 916 2288 multirm
947 2215 1120 2297 conferre
1147 2216 1197 2290 ad

102 2354 254 2404 omnem
279 2331 433 2427 reliquae
457 2331 542 2405 vitae
566 2331 762 2421 rationem,
778 2341 892 2425 atque
910 2329 1005 2403 adad
1022 2330 1071 2404 ad
1096 2342 1199 2404 aeter·

102 2467 191 2518 nam
208 2443 392 2543 cujusque
409 2444 583 2535 salutem,
598 2444 672 2540 qua
693 2444 807 2518 animi
832 2445 1104 2540 praeparatione
1129 2445 1198 2542 pri-

104 2558 165 2631 ma
180 2556 264 2632 'vice
289 2570 466 2633 sanctum
493 2558 745 2631 Eucharistiae
770 2569 1050 2632 sacramentum
1076 2584 1199 2658 sump-

103 2674 210 2748 serit:
240 2697 357 2770 quare
385 2674 507 2747 omnis
536 2675 583 2747 ab
611 2674 818 2747 animarum
846 2672 1069 2748 Pastoribus
1096 2676 1200 2750 adhi-

102 2787 229 2861 benda
246 2800 305 2861 est
322 2787 526 2886 diligentia,
541 2800 584 2861 ut
599 2800 688 2861 ante
714 2788 871 2885 primam
895 2789 1198 2864 communionem

97 2901 258 2999 juvenes
276 2901 314 2974 in
332 2901 502 2975 doctrina
519 2900 732 2975 Christiana
748 2902 822 2974 sint
843 2900 957 2998 probe
975 2902 1139 2996 educati,
1151 2927 1198 2978 ac

103 3013 290 3113 praecipue
307 3026 350 3089 ut
366 3015 621 3089 conscientias
645 3016 692 3089 ab
718 3016 820 3088 omni
846 3015 1024 3112 gravioris
1050 3019 1200 3112 peccati

104 3128 188 3204 labe
213 3130 379 3228 integras
406 3130 588 3220 habeant,
614 3130 663 3203 ad
689 3154 801 3225 quem
827 3129 940 3202 finem
959 3153 1026 3202 eos
1044 3155 1199 3206 monere

103 3244 293 3341 oportebit
310 3256 352 3318 ut
369 3245 583 3342 generalem
601 3255 786 3317 anteactae
803 3244 887 3316 vitae
910 3243 1201 3340 confessionem,

105 3369 194 3455 post
227 3358 400 3433 sedulum
434 3361 492 3431 sui
522 3382 694 3450 examen,
724 3370 878 3431 etcum
909 3360 1043 3456 magni
1072 3362 1199 3436 cordis

105 3471 344 3565 contritione,
381 3473 634 3546 communioni
673 3473 908 3569 praemittant.
977 3473 1199 3550 Cavendum

105 3610 256 3682 quoque
270 3587 340 3659 erit
357 3586 580 3660 Pastoribus
594 3612 642 3660 ne
657 3587 766 3684 hujus
784 3587 913 3683 primae
925 3589 1200 3664 communionis

105 3711 254 3797 tempus
288 3699 440 3773 nimidm
475 3701 725 3798 protrahatur,
758 3725 881 3797 neque
915 3713 1041 3774 tamen
1076 3716 1117 3776 ut
1150 3707 1199 3779 ad

105 3813 204 3886 illam
235 3813 479 3889 admittantur
509 3816 634 3888 statim
666 3839 711 3888 ac
742 3815 897 3888 rationis
927 3840 1037 3889 usum
1072 3818 1200 3915 adepti

106 3925 251 4000 fuerint.
316 3928 396 4002 Sed
422 3930 598 4024 quoniam
626 3954 774 4002 summa
803 3929 1054 4003 Eucharistiae
1079 3933 1200 4005 excel-

107 4040 220 4114 lentia
236 4041 418 4140 majorem
436 4043 550 4141 exigit
565 4043 697 4140 judicii
716 4045 981 4135 maturitatem,
997 4045 1202 4142 perfectior

108 4155 260 4230 rationis
279 4181 370 4229 usus
388 4169 447 4230 est
464 4157 732 4254 expectandus.
