2820 5010
544 422 799 476 raovrncraea
826 424 875 476 ιν.
1191 402 1262 477 179

153 602 220 702 qui
247 626 292 679 se
320 600 577 678 dominatores
605 600 754 677 familiae
783 600 997 678 Dominieae
1023 625 1110 675 esse
1138 600 1263 700 cupie-

154 718 259 812 bant,
275 716 426 817 ndigne
452 715 660 815 perierunt!
711 715 839 792 Hodie
858 728 951 815 quot
974 716 1087 790 millia
1110 715 1263 791 millium

155 832 381 908 cathedram
399 831 506 906 Petri
523 830 755 905 sustentant!
1143 816 1148 831 ⁴
1301 822 1308 847 “

204 947 312 1023 Inter
328 947 412 1021 illos
426 946 490 1045 qui
502 945 643 1021 nostris
657 945 790 1020 diebus
804 945 1042 1043 antiquorum
1056 958 1263 1044 martyrum

154 1061 414 1138 fortitudinem
426 1060 739 1158 aemulantes,pro
752 1060 828 1135 fide
842 1071 956 1157 atque
968 1060 1162 1158 disciplinh
1175 1085 1262 1134 sese

153 1176 324 1275 tyrarmis
353 1177 588 1276 objecerunt,
615 1176 663 1250 de
694 1174 872 1250 Ecclesib
901 1173 1040 1273 optimd
1072 1186 1262 1249 merentes

156 1290 384 1367 Sanctitatis
403 1289 503 1366 Tuae
526 1289 716 1388 praeconia
739 1288 993 1382 obtinuenmt,
1013 1300 1128 1386 atque
1151 1289 1264 1364 Fide-

154 1405 435 1483 liomcordibus
449 1403 1114 1506 gaudiumattulerunt,Venerabiles
1127 1405 1263 1479 fratres

153 1533 309 1597 nostros
326 1520 575 1598 Carmaniam
593 1519 814 1594 Auousruu
831 1542 880 1592 ex
900 1518 1114 1593 Batonibus
1139 1518 1263 1593 liberis

155 1637 205 1712 de
225 1634 389 1712 Daosra
410 1659 462 1710 ax
479 1634 737 1728 Vrscnsnme,
754 1632 1027 1709 coloniensem
1047 1633 1264 1733 Archiepis·

155 1774 310 1851 eopum,
322 1762 439 1850 atque
455 1748 675 1824 Mnarruuu
692 1773 716 1822 n
733 1747 882 1842 Duum,
894 1748 1197 1824 Posnaniensem
1211 1760 1265 1822 at-

155 1889 230 1964 que
247 1864 517 1941 Gnesnensem
534 1862 892 1960 Archiepiseopum,
908 1863 1157 1938 admiratione
1175 1889 1264 1940 con-

156 1978 328 2079 templati
348 2002 489 2055 sumus.
542 1976 771 2053 Perdifficile
789 1978 898 2053 nobis
916 1989 977 2052 est
994 1978 1121 2054 dicere
1139 1978 1264 2055 utrdm

157 2119 246 2171 cum
268 2093 329 2169 his
347 2092 490 2170 Christi
513 2092 664 2167 athletis
687 2093 735 2167 de
761 2091 902 2191 injuriis
928 2091 1039 2166 illatis
1057 2093 1264 2169 condolere

158 2209 380 2303 debeamus,
395 2231 446 2283 au
463 2207 642 2308 gratulari
665 2206 789 2304 potitis
807 2205 907 2304 qubd
931 2205 1034 2305 digni
1057 2207 1174 2282 habiti
1191 2208 1265 2283 sint

157 2347 225 2423 pro
243 2322 398 2398 nomine
415 2322 516 2397 Jnsu
533 2321 802 2397 contumeliam
824 2320 911 2418 pati.
964 2320 1101 2395 Clarus
1123 2335 1266 2417 noster,

160 2438 399 2538 populusque
413 2436 536 2511 fidelis
550 2435 672 2510 zelum
686 2446 801 2532 atque
815 2434 1057 2509 devotionem
1070 2435 1266 2512 illustrium

161 2550 372 2629 Praesulum
395 2550 588 2644 miranteS,
604 2575 715 2624 suum
737 2573 830 2648 erga
852 2573 920 2623 eos
945 2549 1124 2625 affectum
1148 2551 1266 2649 expri-

160 2691 265 2742 mere
287 2667 442 2759 ardent3
467 2689 615 2762 nosque
633 2689 765 2739 eorum
786 2662 912 2738 studia
933 2665 1202 2762 approbantes,
1218 2687 1265 2740 ac

161 2805 292 2857 amore
314 2804 385 2880 pro
405 2779 583 2855 fratribus
600 2778 753 2876 arrepti,
769 2779 889 2853 corda
911 2791 1044 2852 nostra
1066 2778 1135 2853 illis
1154 2803 1267 2877 expo

160 2920 253 2973 nere
269 2894 492 2994 optavimus.
543 2892 648 2967 Dum
666 2917 734 2991 pro
752 2893 808 2967 eis
829 2893 1086 2968 indesinenter
1109 2893 1266 2968 Patrem

161 3009 502 3086 misericordiarum
531 3008 802 3105 supplicamus,
819 3006 1001 3104 epistolas
1027 3008 1175 3082 mittere
1204 3008 1267 3084 de

162 3123 350 3201 crevimus
363 3146 521 3221 quarum
535 3121 764 3219 exemplaria
776 3121 1010 3196 Beatitudini
1022 3122 1120 3196 'I'uae
1133 3123 1267 3222 subjici

163 3238 350 3338 cupimus,
369 3249 412 3313 ut
438 3236 544 3311 Patri
572 3246 810 3334 compertum
834 3235 883 3309 sit
910 3235 1007 3310 lilios
1031 3261 1136 3330 suos,
1153 3261 1267 3336 quan-

164 3353 275 3453 quim
299 3352 489 3446 fluctibus,
509 3351 605 3427 civili
630 3349 825 3449 regimine,
841 3349 998 3447 aliisque
1022 3349 1176 3446 divisos,
1191 3351 1267 3428 fide

164 3480 279 3567 atque
295 3465 481 3542 charitate
498 3464 831 3565 conjunctissimos
853 3488 953 3558 esse,
970 3488 1016 3540 ac
1038 3488 1108 3563 pro
1132 3464 1269 3541 Eccle-

163 3583 231 3658 siae
247 3580 470 3680 capitisque
488 3580 570 3679 ejus
590 3580 737 3679 juribus
760 3592 799 3653 et
819 3578 1025 3654 honoribus
1044 3603 1269 3656 conservan-

164 3696 237 3791 dis,
252 3694 492 3772 emulatione
510 3696 642 3770 sancth
658 3694 830 3792 flagrare.

212 3808 366 3885 Interea
388 3808 515 3883 omnia
536 3808 663 3882 fausta
687 3807 891 3882 Sanctitati
914 3806 1013 3883 'luo
1036 3806 1058 3881 ὲ
1082 3809 1267 3885 bonorum

163 3924 334 4001 omnium
363 3923 510 3998 Datore
539 3947 587 3997 ex
615 3922 732 3997 corde
763 3933 978 4018 precantes,
1003 3922 1268 4019 Apostolicam

165 4040 470 4119 benedictionem
480 4039 590 4117 nobis
601 4037 816 4135 nostrisque
828 4037 1003 4138 gregibus
1014 4038 1267 4139 imploramus.
