2820 5010
547 419 800 472 Provinciam
826 422 850 471 1.

542 825 853 920 EPISIOLA

187 1063 341 1115 snam
369 1064 539 1115 conclu!
569 1062 871 1122 BALTIMORBNSIS
896 1062 1160 1115 PROVINCIALIS
1189 1063 1216 1131 I,

448 1179 498 1231 ΑΙ)
521 1180 687 1232 SUMIIUM
711 1180 954 1230 rourrrrclffl.

259 1352 608 1432 BEATISSIMO
646 1355 720 1432 AC
758 1353 1140 1432 SANCTISSIMO

641 1518 768 1563 rarat

199 1642 314 1726 PIO
346 1642 469 1727 VIII
499 1641 870 1726 PONTIFICI
902 1640 1205 1725 MAXIMO.
1249 1757 1251 1761 ‚

151 1831 387 1909 Bsnnssrua
412 1833 561 1927 Pasas,

152 1974 357 2174 INTER
382 1975 667 2077 gratulationes,
688 2001 784 2075 quas
808 1975 857 2051 ob
882 1974 1135 2050 Sancrrrnrrs
1158 1974 1255 2050 Vas·

223 2112 307 2164 raa
332 2090 383 2164 ad
406 2114 622 2188 supremam
646 2090 753 2165 Petri
775 2090 1009 2166 cathedram
1031 2090 1255 2188 assumptio

151 2226 253 2298 nem,
265 2203 505 2280 Christianus
520 2204 622 2279 orbis
639 2204 809 2279 Romam
825 2204 933 2279 Iaetus
951 2204 1117 2302 undique
1130 2204 1255 2302 mittit,

152 2317 255 2395 baud
276 2318 446 2420 ingratas
469 2320 661 2395 communi
683 2320 849 2395 fidelium
873 2319 981 2394 Patri
1003 2317 1149 2395 futuras
1172 2346 1256 2420 spe

152 2455 293 2528 mmus,
309 2456 404 2532 quas
423 2458 471 2509 ex
489 2432 806 2532 Septentrionalis
827 2444 967 2508 nostras
984 2435 1175 2510 Amaricae
1191 2437 1257 2511 ad-

153 2546 228 2624 buc
242 2547 447 2624 infantibus
465 2548 654 2625 Ecclesiis
671 2549 897 2624 Bssrrruno
913 2548 1068 2623 Vssrns
1085 2549 1253 2648 recipiet.

154 2661 440 2761 Perjuoundum
457 2663 608 2761 quidem
626 2663 735 2737 nobis
753 2662 955 2738 exultantis
972 2663 1087 2738 animi
1107 2689 1257 2760 sensus,

153 2777 203 2852 ob
220 2787 368 2851 tantum
382 2777 585 2852 Pastorem
599 2778 878 2876 perdifficilibus
892 2777 998 2853 bisce
1011 2779 1257 2876 temporibus,

154 2889 311 2989 provido
327 2891 405 2967 Dei
421 2890 633 2966 miserantis
651 2891 823 2985 consilio,
835 2891 1025 2967 Ecclesiae
1041 2892 1184 2986 datum,
1197 2892 1256 2968 his

154 3004 288 3081 litteris
305 3007 497 3082 communi
520 3006 738 3082 testimonio
762 3006 993 3105 patefacere,
1009 3019 1124 3104 atque
1146 3007 1256 3082 simul

154 3119 251 3196 illius
276 3145 391 3219 quam
414 3121 558 3198 Christi
582 3122 621 3196 in
646 3121 755 3197 terris
780 3121 934 3196 Vicario
958 3121 1098 3196 debent
1121 3140 1257 3198 omnes

156 3233 419 3312 Ecolssiarum
449 3236 647 3332 Pastores,
672 3236 937 3328 venerationis,
961 3237 1193 3331 reverentiae,
1217 3249 1258 3314 et

156 3350 383 3427 obedientia
399 3364 662 3451 argumentum
680 3351 833 3448 aliquod
850 3350 1028 3449 proferre.
1064 3351 1111 3426 Id
1128 3364 1257 3428 autem

155 3488 227 3541 nos
251 3464 398 3541 ducere
422 3467 655 3564 praestituros
680 3466 916 3558 arbitramur,
935 3466 1054 3540 nostri
1079 3468 1258 3543 Baltirno-

156 3578 278 3655 rsnsis
312 3578 560 3657 Provincialis
591 3580 753 3656 Consilii
787 3581 944 3655 decreta
979 3581 1258 3658 Bssmrunmrs

157 3694 323 3770 vanus
341 3710 518 3796 supremo
536 3695 680 3796 judicio
698 3694 946 3794 subjiciendo,
961 3708 1004 3770 ut
1021 3720 1106 3793 quae
1123 3695 1259 3772 Eccle-

157 3812 298 3887 siamm
314 3823 456 3888 nostrae
472 3837 574 3888 curae
591 3810 879 3886 commissarum
896 3812 998 3883 bona
1015 3810 1260 3888 decernenda

157 3926 389 4021 censuimus,
402 3926 626 4026 apostolica
639 3924 925 4025 approbatione,
938 3925 971 3999 si
988 3950 1101 4022 quam
1114 3952 1259 4004 meren·

156 4052 229 4136 tur,
255 4043 409 4137 donata,
435 4041 652 4117 necessarii
680 4040 879 4116 sanctione
908 4042 1144 4115 roborentur.
1196 4042 1260 4118 Ea

156 4154 269 4258 igitur
285 4154 455 4232 Romam
467 4155 751 4256 transnavigare
764 4155 955 4247 volumus;
973 4179 1020 4229 ea
1033 4168 1122 4230 anta
1139 4157 1261 4232 Sanc·

158 4294 303 4346 rrmrrs
315 4270 480 4346 Vssraa
499 4271 662 4347 tribunal
678 4271 812 4345 sistere
825 4270 1017 4369 jubemus,
1030 4282 1072 4344 ut
1089 4272 1138 4345 ad
1157 4272 1260 4346 truti-

158 4408 246 4463 nam
274 4397 468 4482 revocata,
493 4410 541 4462 ex
568 4385 639 4461 illis
666 4410 751 4484 quae
780 4384 898 4459 Petro
924 4383 1085 4482 probata
1108 4384 1260 4481 suerint,
