2820 5010
159 374 234 445 240
443 393 654 446 concrema
680 393 968 447 annrrrroaansr

342 698 538 760 SECUNDA
560 697 857 760 GONGREGATIO
878 696 1068 761 PUBLICA.

207 911 285 985 Dm
306 911 474 1006 laniati,
490 911 619 987 habita
643 924 703 986 est
727 912 899 989 secunda
915 910 1166 1012 Congregatio
1178 929 1226 1010 ptr

156 1025 268 1120 blica,
284 1027 420 1101 eodem
436 1026 523 1101 loco
541 1038 580 1100 et
596 1026 688 1100 horai
703 1027 837 1124 quibus
856 1026 985 1125 prima.

206 1139 405 1215 Discussio
435 1141 684 1239 quaestionum
714 1140 753 1216 in
782 1141 934 1240 privatis
964 1140 1229 1242 Theologoram

156 1253 510 1356 congregationibus
528 1278 779 1352 expensarum
795 1255 1017 1331 continuata
1033 1267 1104 1330 est

358 1496 511 1559 TERTIA
533 1497 830 1559 CONGREGATIO
851 1496 1045 1559 PRIVATA.

204 1715 282 1791 Dm
303 1719 349 1789 13
366 1715 472 1811 Maii,
489 1716 581 1790 hora
602 1719 701 1791 nona
717 1716 765 1791 A.
784 1716 840 1791 Μ.
859 1715 1050 1792 Praesules
1066 1740 1238 1792 convene

155 1844 241 1906 runt
257 1830 295 1905 in
313 1830 454 1906 oedibus
472 1829 771 1929 Archiepiscopi.

205 1945 346 2020 Latum
363 1957 422 2019 est
436 1946 632 2020 decretum
648 1945 684 2020 I:
701 1947 763 2021 Dc
775 1947 821 2020 B.
835 1946 970 2021 Mariti
992 1947 1152 2048 Virgine
1167 1949 1253 2049 aino,

154 2061 239 2134 mbo
272 2060 476 2160 Compar,
503 2061 548 2133 in
575 2060 793 2136 Patronem
826 2060 1036 2137 Foederatoe
1064 2063 1242 2138 Ammo

157 2176 337 2250 Statuam
353 2175 539 2275 elegendi.

355 2420 509 2482 rasam
530 2420 827 2483 concontrario
847 2398 1035 2483 sermon.

203 2634 281 2708 Dm
310 2637 355 2707 13
378 2632 485 2726 Maii,
502 2632 594 2707 horti
609 2633 741 2730 quarti
765 2631 809 2707 P.
828 2633 883 2707 M.
903 2632 1031 2709 habita
1054 2645 1116 2711 est
1141 2638 1242 2712 tertia

154 2749 411 2848 Congregatio
428 2747 591 2845 publica,
607 2759 648 2822 ut
665 2746 755 2821 heri.

516 2990 656 3051 sasslo
678 2990 884 3052 SECUNDA.

201 3209 279 3283 Dm
301 3212 347 3281 14
369 3207 476 3302 Maii,
493 3207 584 3282 hori
604 3210 714 3302 nonb,
731 3221 818 3306 post
840 3209 1002 3283 Missam
1026 3210 1245 3287 Solemnem

151 3324 429 3398 Defunctorum
464 3325 511 3397 ab
547 3323 658 3396 luno
695 3347 741 3396 ac
777 3322 930 3397 Revmo
965 3323 1014 3397 D.
1051 3325 1246 3425 Episcopo

152 3438 402 3513 Natchetensi
426 3438 667 3530 celebratam,
684 3449 723 3510 ct
746 3436 971 3512 concionem
995 3440 1043 3513 ab
1066 3439 1181 3516 mmo
1202 3466 1246 3515 ac

151 3555 303 3628 Rcvfr‘ro
329 3552 378 3626 D.
406 3552 601 3650 Episcopo
629 3552 670 3625 S.
698 3550 885 3625 Ludovici
910 3551 1087 3648 habitam,
1114 3555 1247 3630 Sessio

152 3669 321 3743 secunda
337 3667 376 3740 in
393 3667 569 3741 Ecclesib
585 3665 890 3764 Metropolitanb,
907 3667 1017 3765 juxta
1033 3668 1195 3745 somnam
1212 3671 1249 3745 in

151 3781 365 3858 Pontificali
383 3781 651 3879 praescriptam,
669 3794 824 3878 peracta
842 3794 910 3854 est.

345 4010 519 4082 QUARTA
542 4011 840 4072 CONGREGATIO
862 4011 1051 4072 PUBLICA.

199 4224 277 4298 Dm
299 4227 346 4296 14
362 4225 469 4319 Maii,
482 4225 573 4299 hora
586 4225 716 4323 quarti
732 4223 777 4300 Ρ.
793 4225 848 4298 Μ.
864 4224 991 4300 habita
1007 4239 1067 4302 ost
1081 4230 1252 4331 Congrc

151 4340 253 4440 gatio
279 4352 413 4437 quarta
440 4340 602 4440 publica,
627 4341 762 4415 codem
792 4340 880 4416 loco
906 4345 1086 4419 et-modo
1114 4347 1252 4444 quibus

152 4453 270 4529 tertia.
