2820 5010
535 409 787 461 raovlnclsun
814 413 868 461 lll.

547 704 856 852 narseum

259 957 414 1008 aarum
441 957 610 1008 conclu}
637 958 687 1008 ΑΙ)
714 958 879 1010 SUMMUM
897 960 1139 1012 nonmslcsu.

371 1148 648 1210 SANCTISSIMO
668 1148 836 1210 DOMINO
856 1150 1030 1211 NOSTRO.

316 1354 684 1441 GREGORIO
728 1352 921 1439 PAPAE
964 1355 1096 1441 XVI.

151 1583 387 1658 Basrrssrua
413 1580 561 1676 Peras,

243 1724 363 1802 AUD
382 1725 535 1823 quidem
558 1727 616 1801 fas
642 1738 748 1801 esset
770 1726 976 1824 Episcopis
997 1727 1035 1801 in
1056 1727 1255 1804 Provincia

261 1841 530 1919 Beltimorensi
541 1843 654 1918 tertio
669 1843 844 1919 Concilio
862 1844 1117 1944 congregatis,
1129 1870 1178 1921 ex
1190 1845 1254 1921 illo

153 1955 364 2051 discedere,
380 1957 470 2054 quin
495 1955 597 2055 pride
620 1981 823 2033 commune
842 1970 880 2032 et
897 1958 1068 2032 solemne
1088 1960 1257 2035 testimo

151 2069 255 2146 nium
284 2072 380 2170 ejus,
407 2073 482 2169 quei
513 2071 644 2145 revera
672 2096 764 2172 erga
797 2072 1062 2169 Apostolicam
1098 2075 1256 2171 Sedem,

154 2184 483 2283 Sanctitatemque
514 2185 705 2281 Vestram,
733 2186 998 2281 venerationis,
1031 2189 1256 2265 obedientiae

154 2311 193 2375 et
210 2299 434 2393 devotionis,
446 2299 671 2394 afficiuntur,
684 2300 896 2375 exhibeant
941 2301 1068 2399 Hujus
1086 2303 1176 2402 ergd
1194 2304 1255 2378 de-

153 2413 232 2507 biti,
264 2413 374 2488 nobis
409 2412 580 2512 profeotd
614 2415 788 2488 omnibus
823 2413 952 2511 utpote
987 2416 1255 2492 amantissimis

154 2527 236 2603 liliis
264 2528 375 2627 quim
398 2527 558 2603 maxime
586 2529 694 2627 grati,
714 2529 885 2603 solvendi
909 2530 1037 2628 gratia,
1058 2530 1176 2605 hasce
1202 2532 1257 2606 lit·

153 2653 256 2717 teras
279 2641 415 2717 mentis
441 2641 629 2739 animique
655 2643 787 2737 nostri,
803 2642 964 2718 sortasse
990 2669 1067 2718 non
1093 2645 1189 2719 oded
1214 2658 1257 2720 ut

155 2757 398 2834 vehomenter
431 2768 621 2855 optamus,
654 2758 787 2833 fideles
821 2759 1058 2858 interpretes,
1087 2760 1255 2835 Romam

154 2876 204 2951 ad
226 2873 451 2950 Sanctitatis
469 2875 618 2949 Vestrae
635 2876 754 2973 pedes
776 2875 969 2969 mittimus,
985 2875 1059 2950 una
1075 2900 1163 2950 cum
1180 2875 1257 2950 De

154 2989 268 3066 cretis
298 3014 396 3087 qum,
425 2988 689 3065 Ecclesiamm
720 3001 935 3065 nostrarum
965 2989 1256 3064 necessitatibus

156 3115 416 3197 occurrentes,
426 3102 629 3179 condenda
640 3105 867 3180 censuimus.
912 3104 1010 3179 Haec
1022 3105 1258 3203 Apostolicae

156 3218 271 3294 Sedis
291 3217 452 3316 judicio,
466 3229 509 3292 ut
534 3243 603 3318 par
628 3233 699 3316 est,
720 3219 956 3329 subjicimus,
982 3231 1036 3312 nt,
1053 3219 1085 3293 si
1109 3219 1258 3294 Sancti·

155 3334 224 3409 tati
240 3333 392 3409 Vestrae
416 3335 633 3432 probentur,
649 3333 865 3409 necessarii
889 3332 1086 3408 sanctione
1110 3333 1260 3408 firmata

155 3459 327 3547 optatum
341 3447 519 3523 effectum
537 3448 694 3523 feliciter
707 3458 999 3545 consequantur.
1034 3446 1169 3522 Pauca
1181 3448 1258 3546 qui·

155 3563 244 3639 dem
261 3563 506 3639 decernenda
525 3562 790 3660 judicavimus,
806 3563 875 3637 sed
901 3562 1149 3660 presentibus
1166 3573 1258 3637 tem·

156 3677 257 3776 poris
274 3700 477 3775 rerumque
489 3675 678 3775 adjunctis
692 3678 1003 3772 accommodata;
1024 3678 1182 3777 ejusque
1195 3702 1258 3752 na·

154 3804 262 3885 turae,
278 3802 322 3865 ut
337 3790 371 3864 si
382 3791 457 3865 und
473 3816 561 3866 cum
579 3789 873 3888 praecedentium
890 3790 1102 3868 Provinciae
1118 3804 1258 3867 nosuae

155 3903 417 3981 Conciliorum
431 3904 582 3980 statutis
599 3903 761 3979 fideliter
774 3918 982 3999 serventur,
996 3906 1153 4005 gloriam
1171 3905 1259 3999 Dei,

155 4018 365 4095 animarum
391 4020 565 4113 salutem,
582 4019 931 4116 incrementumque
960 4017 1187 4118 Religionis,
1207 4019 1259 4093 di·
1287 4017 1293 4029 ”

154 4134 250 4210 vinae
280 4134 410 4234 gratita
439 4134 589 4228 auxilio,
612 4134 650 4209 in
679 4132 820 4208 nostris
850 4132 1078 4209 dioeoesibus
1108 4133 1259 4209 omnind

155 4261 413 4347 promoveant.
465 4250 594 4324 Deum
618 4251 804 4324 bonorum
822 4246 989 4322 omnium
1007 4249 1179 4323 datorem
1196 4248 1258 4322 be-

155 4354 377 4440 nedicamus
403 4376 566 4462 oportet,
591 4364 680 4462 quia
702 4362 793 4438 fecit
823 4361 1021 4441 nobiscum
1049 4360 1257 4438 misericor·
