2820 5010
212 378 284 449 114
493 397 704 448 concrururr
729 397 1018 448 ururruonuuse

258 572 448 648 Dioecesis
468 573 776 671 Carolopolitana
794 574 1070 672 complectetur
1087 571 1309 649 Provincias

210 688 428 764 Caroliuam
454 687 757 781 meridionalem,
780 688 998 763 Carolinam
1027 688 1310 786 Septentrione-

210 803 297 897 lem‚
314 814 353 876 et
370 802 585 900 Georgium.

258 916 449 990 Dioecesis
477 915 713 990 Mobiliensis
739 915 995 991 efformabitur
1021 940 1070 992 ex
1097 915 1310 992 Provinciis

208 1034 398 1109 dabam
415 1045 453 1106 et
471 1032 719 1106 Floridarum.

259 1147 449 1223 Dioecesis
463 1146 584 1221 Novae
596 1147 762 1221 Aureliae
775 1147 1026 1222 constituetur
1039 1171 1086 1222 ex
1099 1147 1310 1222 Provinciis

209 1261 400 1338 Luisiauae
417 1273 456 1335 ct
472 1262 724 1361 Mssissrppi.

258 1375 448 1451 Dioecesis
474 1374 778 1450 Cincirmutensis
800 1375 1007 1451 continebit
1034 1377 1129 1451 Olu'o
1156 1376 1310 1451 Provin-

211 1489 321 1567 ciam.

258 1604 448 1680 Dioecesis
482 1603 736 1679 Detroitensis
770 1606 1069 1710 comprehendet
1101 1605 1310 1681 Territoria

207 1719 428 1820 Meropen,
444 1731 483 1793 et
498 1720 624 1793 Nord
631 1721 760 1812 Orwst,
777 1745 846 1795 seu
861 1721 911 1794 Ν
906 1721 1005 1796 ortlu-
1011 1720 1199 1796 chtem.

259 1834 449 1909 Dioecesis
471 1834 677 1909 Bardensis
699 1834 852 1910 habebit
869 1834 1091 1910 Provincias
1108 1835 1311 1934 Kmsuoky

210 1961 249 2025 et
272 1949 494 2024 Teanenses.
1146 2029 1150 2036 ,

259 2062 450 2138 Dioecesis
481 2064 523 2137 S.
553 2062 740 2139 Ludovici
766 2065 1041 2165 complectetur
1070 2064 1312 2143 Provinciam

208 2179 414 2271 Missam,
439 2178 512 2253 una
540 2204 628 2254 cum
654 2179 863 2255 Territorio
890 2180 994 2256 dicto
1018 2180 1245 2272 Arsurum
1274 2192 1313 2255 et

211 2296 335 2370 donec
365 2294 466 2368 aliud
492 2293 513 2368 a
539 2294 580 2368 S.
613 2295 719 2369 Sede
749 2306 949 2389 statuatur,
976 2295 1130 2371 habebit
1158 2320 1312 2395 quoque

210 2408 459 2485 Territorium
477 2409 527 2482 ad
549 2408 841 2485 Occidentalem
865 2410 1015 2509 plagam
1036 2409 1199 2487 fluminis
1215 2409 1313 2486 Mis·

209 2525 378 2624 sismppi.

256 2639 447 2714 Dioecesis
461 2638 622 2735 denique
634 2636 1003 2737 Vincennopolitana
1013 2639 1314 2737 comprehendet

209 2754 447 2829 Provinciam
475 2753 655 2844 Indicum,
679 2754 862 2827 unacum
885 2765 993 2851 parte
1019 2755 1183 2846 lilinum,
1204 2755 1312 2852 cujus

209 2868 354 2966 reliqua
371 2893 458 2965 pars
473 2867 643 2940 Dioecesi
659 2867 700 2939 S.
716 2864 903 2941 Ludovici
921 2868 1158 2965 adjungetur,
1170 2866 1224 2941 ita
1238 2867 1313 2964 qui-

209 2985 297 3059 dem
314 2994 356 3057 ut
373 2984 566 3079 utriusque
591 2982 780 3056 Dioecesis
805 2981 940 3055 limites
958 2982 997 3055 in
1020 2981 1220 3056 Provincia
1243 2981 1313 3055 Illi-

208 3098 316 3172 neusi
347 3110 560 3171 statuantur
590 3096 664 3170 hoc
695 3097 826 3170 modo:
857 3095 1079 3194 Incipiendo
1109 3096 1131 3169 a
1158 3096 1311 3172 flumine

215 3213 323 3304 Oisia,
335 3212 438 3309 quod
452 3212 499 3285 ad
519 3209 714 3284 meridiem
728 3209 856 3283 dividit
873 3211 1076 3310 Kentuolcy
1089 3211 1136 3284 ab
1150 3211 1313 3303 llliuoia,

210 3338 249 3401 et
262 3325 408 3424 proprie
423 3327 470 3398 ab
486 3325 656 3398 Castello
673 3323 818 3399 Massae
832 3325 992 3399 ducatur
1009 3324 1108 3399 linea
1119 3337 1228 3399 recta
1245 3349 1312 3422 per

210 3441 304 3515 lines
323 3440 526 3514 orientales
545 3438 804 3514 Comitatuum
820 3441 1008 3532 Johnson,
1020 3440 1223 3531 Frauklt'n,
1234 3437 1312 3536 Jes-

199 3554 354 3653 smsort,
366 3554 541 3644 Marion,
554 3553 725 3652 hyetto,
743 3555 881 3653 Skelby
897 3565 936 3627 et
952 3554 1113 3647 Macen,
1125 3578 1248 3650 usque
1261 3554 1310 3628 ad

209 3694 347 3766 magua
372 3669 513 3742 fluenta
540 3667 701 3740 fluminis
728 3668 889 3762 minois,
913 3693 999 3765 quse
1026 3669 1191 3743 suntad
1219 3681 1309 3743 octo

209 3783 324 3859 millia
348 3803 529 3880 passuum
546 3806 662 3877 supra
681 3782 861 3880 oppidum
884 3783 1037 3857 Οείαωα
1058 3781 1098 3855 iu
1115 3782 1311 3857 Comitatu

209 3902 377 3991 meme,
390 3909 428 3972 et
442 3897 528 3971 hinc
542 3921 662 3995 usque
676 3899 726 3973 ad
741 3898 1085 3997 septentrionalem
1099 3897 1311 3972 Provincias

209 4017 336 4109 linem,
363 4012 459 4088 oded
487 4025 528 4088 ut
555 4038 642 4111 pars
669 4013 931 4090 Occidentalis
962 4013 1069 4089 lineae
1098 4012 1310 4088 Provincia

208 4130 395 4207 Illinensis
420 4128 605 4226 pertineat
631 4129 680 4203 ad
705 4129 913 4204 Dioeccsim
939 4128 981 4203 S.
1005 4126 1205 4222 Ludovici,
1221 4152 1308 4226 pars
1350 4188 1354 4198 .

208 4245 296 4321 vero
332 4243 537 4318 Orientalis
573 4245 623 4319 ad
659 4242 867 4320 Dioecesim
902 4242 1309 4343 Vincennopolitanam

209 4359 359 4437 omnino
377 4370 536 4458 spectet.
