2820 5010
533 435 785 488 raovmcmus
813 436 866 486 ιιι.
1179 412 1251 485 135

148 613 372 690 defensores
397 612 525 687 invicti
549 638 627 689 non
653 611 853 686 defuerunt
877 610 975 685 inter
999 608 1109 709 primi
1133 621 1172 684 et
1195 633 1252 684 se·

148 729 264 805 eundi
280 728 423 803 ordinis
437 728 673 821 sacerdotes,
684 727 749 825 qui
764 751 812 800 ea
824 738 905 801 tum
922 737 1121 820 vooe,tum
1139 724 1253 822 scrip·

148 843 211 938 tis,
227 843 376 943 propria
392 844 492 938 luce,
504 843 708 918 meridiane
726 842 898 936 clariore,
910 851 1158 940 exponerent,
1170 864 1254 938 pro-

149 958 297 1051 barent,
319 956 562 1032 vindicarent.
615 956 858 1053 Proindeque
889 955 1107 1055 praejudicia
1135 954 1255 1028 multa

150 1082 403 1162 evanuerunt3
429 1070 627 1145 calumniae
649 1068 848 1144 manifesto
865 1080 1139 1168 apparuerunt3
1164 1067 1255 1141 veri·

150 1194 224 1279 tas,
239 1184 429 1259 erroribus
454 1183 606 1283 fugatis,
621 1195 664 1257 ut
680 1185 752 1277 sol,
768 1182 928 1257 nubibus
947 1182 1150 1279 dissipatis,
1167 1192 1256 1278 post

150 1309 418 1397 tempestatem
444 1298 676 1396 splendidior
703 1297 888 1396 apparuit,
913 1309 1027 1394 atque
1053 1296 1123 1370 illis
1152 1295 1255 1369 inno

150 1412 234 1507 tuit,
258 1412 309 1486 ad
334 1436 431 1510 quos
461 1411 621 1487 sortasse
647 1436 841 1509 nunquam
870 1409 983 1486 seohs
1009 1409 1253 1509 pervenisset.

152 1525 328 1627 Virgines
347 1551 480 1621 sacrae,
495 1527 739 1619 monasteria,
756 1525 931 1624 collegia,
948 1525 1104 1621 aliaeque
1122 1549 1255 1598 omnes

151 1650 233 1715 tum
249 1640 300 1715 ad
311 1641 550 1739 juventutem
563 1640 601 1714 in
619 1641 751 1715 litteris
766 1651 805 1714 et
821 1639 962 1737 pietate
975 1638 1258 1732 instituendam,

152 1765 232 1828 tum
250 1754 300 1828 ad
326 1778 445 1851 opera
469 1753 663 1829 eharitatis
690 1777 782 1852 erga
806 1766 984 1851 aegrotoS,
1001 1753 1193 1851 orphanos
1217 1765 1257 1827 et

152 1891 341 1966 pauperes
367 1868 596 1962 exercenda,
612 1893 696 1965 quae
721 1868 759 1941 in
784 1867 922 1971 nostris
948 1867 1175 1942 dioecesibus
1197 1892 1258 1942 ex·

152 1993 236 2057 tant
252 1981 403 2077 domus,
420 1983 687 2082 omnipotentis
714 1994 753 2056 et
770 1982 1003 2081 protegentis
1025 1982 1101 2056 Dei
1118 1982 1257 2057 auxilio

153 2096 327 2191 suffirltae,
339 2098 505 2173 hostium
522 2097 696 2172 invidiam
710 2109 750 2172 et
763 2109 924 2173 conatus
942 2097 1065 2173 irritos
1081 2109 1259 2196 expertae,

154 2209 293 2286 nedhm
310 2211 451 2309 aliquid
469 2211 629 2309 publicae
646 2211 903 2286 {estimationis
922 2212 1128 2306 amiserint,
1144 2212 1165 2286 ὲ
1182 2238 1259 2287 ma-

149 2325 234 2424 Jore
260 2325 486 2423 sanioreque
512 2325 648 2400 civium
669 2337 776 2423 parte
795 2326 905 2422 quam
927 2325 1078 2401 maximi
1095 2327 1201 2420 liunt,
1218 2341 1259 2402 et

155 2439 387 2513 venerationi
411 2440 613 2514 habentur:
644 2439 790 2513 illarum
820 2440 857 2512 in
888 2440 969 2513 dies
997 2464 1177 2514 numerus
1207 2441 1245 2515 in

155 2554 307 2649 erescit,
340 2555 439 2630 sicut
473 2567 512 2629 et
550 2555 759 2653 puellarum
792 2566 907 2653 atque
946 2580 1162 2653 puerorum,
1195 2558 1259 2654 qui

156 2692 288 2745 eorum
318 2693 421 2744 aurae
449 2680 530 2744 tum
555 2669 576 2742 ὲ
606 2669 830 2764 Catholicis,
855 2680 935 2744 tum
961 2671 982 2744 ὲ
1011 2669 1260 2746 Protestanti·

154 2782 226 2857 bus
235 2781 326 2880 ipsis
341 2782 636 2857 committuntur.
680 2783 963 2883 Religiosorum
983 2809 1134 2882 quoque
1148 2785 1259 2859 Ordi-

156 2920 259 2991 num,
279 2896 717 2994 Ecclesiasticarumque
744 2897 1108 2997 Congregationum,
1129 2898 1261 2975 Socie-

155 3010 244 3085 tatis
260 3010 287 3084 J
289 3036 371 3104 esu,
385 3006 702 3104 Praedieatorum,
716 3011 972 3086 Sacerdotum
989 3011 1198 3107 Miasionis,
1217 3014 1259 3088 S.

157 3124 319 3224 Sulpitii,
332 3138 372 3199 et
390 3124 465 3199 SS.
481 3125 754 3223 Redemptoris
770 3125 1086 3220 CommunitateS,
1100 3127 1137 3200 in
1154 3127 1261 3203 hisce

156 3239 385 3339 regionibus,
402 3239 503 3314 velut
529 3265 687 3338 granum
714 3241 868 3338 sinapis,
892 3239 997 3313 initio
1024 3241 1194 3340 exiguas,
1210 3242 1261 3317 se·

157 3353 278 3428 liciter
303 3377 494 3459 creseere,
510 3353 684 3428 stabilem
709 3353 996 3452 regularemque
1022 3353 1183 3429 sormam
1200 3379 1262 3431 ao·

157 3467 298 3567 cipere,
314 3467 530 3542 mirabiliter
556 3467 774 3560 florescere,
791 3481 830 3541 et
847 3467 1100 3565 undequaque
1119 3469 1262 3545 Christi

157 3583 299 3657 bonum
312 3582 471 3657 odorem
489 3580 695 3675 effundere,
709 3594 823 3679 atque
841 3594 1035 3657 strenuam
1049 3583 1166 3658 vineae
1183 3584 1262 3659 Do·

157 3696 246 3771 mini
258 3721 417 3794 operam
430 3696 521 3770 dare
536 3695 706 3770 laetantes
721 3696 901 3771 videmus.
940 3695 1133 3772 Numerus
1147 3698 1261 3773 etiam

156 3811 282 3885 ovium
308 3822 523 3885 nostrarum
543 3810 811 3910 multiplicatur
827 3810 866 3885 in
884 3811 978 3905 dies,
995 3824 1075 3886 tum
1100 3813 1262 3888 naturali

157 3925 334 4025 regiones
360 3936 511 3998 nostras
537 3924 782 3999 incolentium
807 3925 1056 4019 incremento,
1079 3927 1181 4024 quod
1203 3927 1262 4002 vix

157 4039 264 4116 aredi
288 4051 421 4137 posset
448 4041 495 4112 ab
523 4039 593 4112 illis
622 4039 685 4134 qui
712 4038 751 4112 id
775 4039 853 4112 suis
878 4039 997 4114 oculis
1024 4067 1100 4116 non
1124 4042 1264 4137 vident,

157 4165 239 4230 tum
265 4155 402 4253 magud
427 4154 714 4228 Catholicorum
741 4153 950 4251 frequentia
974 4180 1021 4229 ex
1046 4155 1201 4255 Europd
1224 4157 1263 4232 in

159 4269 380 4345 Americam
414 4268 706 4363 advenientium,
739 4279 819 4343 tum
858 4267 972 4342 etiarn
1006 4269 1263 4368 frequentibus

160 4383 460 4460 Protestantium
478 4384 528 4458 ad
547 4383 788 4459 Catholicam
806 4383 920 4460 fidem
944 4384 1264 4461 conversionibus.
