2820 5010
531 410 785 463 rnovrucrnna
811 412 865 461 ur.
1180 392 1249 463 151

199 587 352 681 Roma,
364 611 413 661 ex
431 584 594 661 AEdibus
613 586 746 660 Sacrae
759 587 1077 685 Congregationis
1095 589 1143 662 de
1161 589 1254 662 Pro-

152 703 325 802 pagandi
342 701 456 795 Fido,
473 700 534 777 die
550 704 576 774 ‘2
594 701 830 798 Septembris
851 704 958 775 1837.

151 818 325 892 1199999
351 815 562 890 Prrnrrrus
588 815 711 891 Csnu.
734 814 1111 910 FRANSONIUS‚
1131 816 1252 914 Praes.

533 929 721 1004 Ancaeus
737 930 885 1024 Mune,
901 928 925 1003 ὰ
943 931 1118 1005 Secretis.

549 1258 861 1352 urlleLA

155 1497 183 1547 S.
202 1495 390 1547 consuo.
409 1495 460 1546 DE
478 1495 727 1546 morbosum
744 1496 832 1546 FIDE
851 1494 901 1545 Ab
923 1494 1253 1548 Ancfflurrscoaunl

202 1611 538 1681 Baurluonunsan,
549 1611 662 1660 0111οΑ
676 1612 839 1661 ΡΕΤΙΤΑΜ
853 1611 1181 1662 DlSPENSATIONEM
1196 1615 1256 1664 SU-

202 1725 276 1776 PEB
295 1725 450 1775 1111111110
470 1724 593 1774 FERIIS
613 1725 743 1775 SEXTlS
761 1725 960 1776 ADVENTUS
980 1727 1203 1777 OBTINENTE.

155 1903 276 1984 Iunis
295 1932 342 1982 nc
360 1902 457 1983 Rris
476 1907 652 2002 Dourna,

316 2050 358 2126 R
392 2077 441 2127 ea
474 2076 558 2149 quae
590 2050 629 2125 in
664 2051 825 2150 Synodo
860 2050 1089 2128 Provinciali
1123 2080 1254 2131 mense
1367 2138 1370 2143 ,

216 2166 340 2266 Aprili
362 2166 500 2260 habita,
517 2164 741 2263 Amplitudo
766 2179 834 2240 tua
854 2179 893 2240 et
914 2166 1098 2265 Episcopi
1120 2169 1256 2244 dioece-

148 2306 239 2357 sum
255 2281 428 2376 istarum,
445 2281 467 2354 ὲ
485 2281 590 2355 Sede
609 2281 835 2378 Apostolicai
851 2283 1018 2379 petenda
1035 2307 1122 2357 esse
1141 2296 1256 2358 statu-

157 2407 278 2491 erunt,
293 2394 385 2470 illud
403 2420 568 2492 quoque,
585 2406 696 2493 prout
714 2395 780 2469 tibi
797 2406 928 2471 notum
947 2409 1018 2492 est,
1031 2384 1257 2493 continetur,

155 2522 197 2586 ut
208 2510 384 2586 videlicet
397 2510 629 2609 dispensatio
642 2535 757 2607 super
767 2510 913 2609 jejunio
931 2511 1031 2586 feriis
1050 2513 1166 2586 sextis
1179 2513 1258 2587 Ad-

158 2626 293 2701 ventus
310 2625 499 2700 servando
517 2624 763 2699 concedatur.

205 2739 248 2814 S.
267 2739 526 2838 Congregatio
545 2740 593 2813 de
611 2740 656 2813 91
672 2738 853 2838 petitione
870 2762 1002 2837 agens,
1014 2740 1257 2813 vehementer

157 2865 288 2953 optare
306 2879 349 2927 se
367 2854 541 2953 professa
557 2865 617 2928 est
635 2865 676 2927 ut
687 2853 820 2953 jejunii
836 2853 881 2927 iis
903 2853 1035 2927 diebus
1054 2853 1256 2928 obtinentis

156 2969 369 3045 observatio
387 2980 620 3068 perseveret:
646 2968 721 3042 hoc
748 2969 862 3042 etiarn
880 2969 1049 3066 placeret
1066 2968 1104 3042 in
1129 2969 1257 3066 primis

157 3084 288 3161 ssno
306 3083 395 3158 Duo
413 3083 557 3157 Nostro
575 3082 781 3156 Gnuoonro
801 3081 881 3156 ΡΡ.
896 3081 1007 3176 XVI,
1020 3081 1081 3156 cui
1098 3084 1257 3181 supplex

156 3199 302 3276 libellus
320 3210 445 3273 vester
463 3198 511 3272 de
530 3198 574 3270 91
590 3222 631 3270 re
649 3197 791 3271 relatus
810 3197 901 3270 est*

204 3313 331 3389 Jussit
342 3325 471 3388 tamen
485 3311 681 3386 Sanctitas
697 3311 780 3387 Sua
793 3310 1040 3407 Amplitudini
1053 3322 1129 3386 tuae
1146 3314 1258 3388 scribi

156 3440 211 3524 ut,
222 3427 372 3504 collatis
389 3452 478 3503 cum
496 3425 700 3524 Episcopis
720 3424 889 3524 Collegis
908 3424 981 3498 tuis
1000 3451 1113 3524 super
1131 3453 1177 3502 eo
1195 3454 1258 3502 ne-

158 3543 261 3644 gotio
286 3543 465 3637 consiliis,
481 3541 584 3618 omni
605 3541 731 3615 studio
751 3539 907 3615 videatis
923 3541 1057 3640 jejunii
1076 3568 1259 3618 memora-

156 3660 204 3735 tis
233 3659 369 3736 diebus
399 3656 702 3733 observationem
736 3655 909 3730 retinere.
962 3657 1079 3739 Quod
1109 3660 1142 3733 si
1170 3661 1258 3737 verb

157 3786 245 3874 post
261 3783 448 3849 maturant
464 3771 606 3871 negotii
624 3769 981 3865 considerationem,
993 3772 1082 3846 talia
1099 3797 1186 3848 esse
1203 3801 1259 3851 re-

155 3914 238 3965 rum
265 3887 447 3986 adjuncta
475 3883 719 3985 cognoscatis
747 3895 790 3958 ut
811 3885 860 3958 ad
885 3885 1076 3960 vitandum
1107 3891 1258 3986 peccati

158 4002 367 4102 periculum
391 4025 553 4077 necesse
580 4024 667 4073 esse
693 3998 883 4073 censeatis
903 3999 1125 4076 Catholicos
1149 4006 1196 4078 ab
1216 4008 1260 4079 91
1367 4000 1375 4011 ’

193 4176 209 4209 ⁸
227 4171 365 4228 Americae
379 4170 530 4226 Foederalae
549 4168 693 4232 praesules,
706 4170 769 4223 eum
788 4167 857 4222 nihil
875 4168 1016 4237 antiquius
1035 4169 1161 4238 habeant,
1175 4179 1259 4244 quim

160 4270 191 4315 ut
209 4275 291 4315 tuam
312 4258 341 4313 in
362 4257 392 4312 S.
405 4256 655 4326 Congregationem
673 4254 886 4320 observantiam,
908 4254 1102 4325 singulareque
1125 4276 1208 4314 suum
1231 4262 1259 4316 in

160 4346 286 4402 omnibus
302 4361 368 4415 erga
379 4343 409 4398 S.
422 4341 523 4397 Sedent
540 4341 705 4410 obsequium
723 4339 880 4407 exhibeant,
889 4339 1030 4412 jejunium
1044 4343 1071 4398 in
1087 4343 1160 4399 seriis
1175 4349 1259 4402 sextis

163 4429 307 4488 Adrasta·
319 4427 492 4484 renuendum
504 4443 564 4483 esse
576 4426 763 4482 decreverunt.
