2820 5010
510 366 739 422 rnennnruu.
1123 346 1173 415 49

138 541 247 617 XXI.
299 545 621 619 Commendamus
654 544 826 619 fidelibus
860 555 902 629 ut
936 542 1172 618 Societatem
1210 584 1213 589 ·

80 655 220 750 ineant,
253 682 386 756 preces
421 658 601 733 fundendi
634 682 764 753 cause,
792 658 841 733 ad
875 656 1172 733 acatholicorum

80 773 245 847 omniurn
264 773 327 871 qui
344 774 540 849 nobiscum
558 788 753 849 versantur
777 773 908 872 petriae
930 770 1174 848 necessitudi-

79 910 128 961 ne
158 888 351 985 conjuncti
384 888 683 984 conversionem,
708 899 751 963 ut
779 888 966 962 erroribus
1000 886 1172 984 omnibus

80 1001 245 1098 rejectis
262 1028 337 1076 uno
356 1027 422 1078 ore
441 1002 650 1102 glorificent
674 1002 814 1096 Deum,
831 1002 868 1076 in
884 1001 973 1076 fidei
990 1001 1172 1075 unitatem

80 1126 361 1190 concurrentes.
412 1115 535 1190 Porro
553 1115 841 1214 supplicandum
867 1114 1027 1188 Summo
1045 1111 1174 1187 Ponti·

81 1227 144 1301 fici
166 1228 351 1321 duximus,
368 1241 410 1303 ut
433 1229 747 1328 indulgentiarum
772 1227 1023 1304 concessione
1047 1227 1174 1302 foveat

83 1340 158 1416 hoc
183 1342 284 1440 pium
302 1342 479 1435 studium,
496 1367 561 1418 eas
580 1343 751 1418 omnibus
768 1342 935 1417 tribuens
952 1341 1015 1439 qui
1032 1339 1173 1416 eumin
1269 1416 1274 1423 ,

83 1455 196 1530 finem
215 1481 349 1555 preces
367 1458 537 1535 tundunt.

132 1684 263 1759 XXII.
298 1684 431 1759 Visum
461 1696 520 1760 est
544 1684 721 1760 Patribus
746 1710 770 1760 e
796 1684 838 1759 S.
858 1685 963 1760 Sede
988 1683 1175 1759 humiliter

85 1799 301 1895 petendum,
317 1810 358 1873 ut
375 1822 444 1895 pro
469 1797 601 1872 harum
627 1797 909 1874 Provinciamm
933 1797 1177 1873 necessitudi-

84 1911 193 1987 nibus
226 1912 426 1987 facultates
461 1912 773 1987 extreordinarias
798 1913 901 1988 circa
929 1912 1178 2006 matrimonia,

86 2025 200 2099 etiam
218 2026 449 2125 delegandes
467 2025 499 2100 si
516 2049 611 2125 opus
630 2026 690 2121 sit,
706 2029 921 2102 concedere
942 2027 1127 2126 dignetur.

135 2253 285 2328 XXIII.
322 2254 515 2336 Quoniam
533 2255 761 2352 gravissimae
777 2255 943 2331 rationes
960 2279 984 2329 a
999 2254 1177 2330 Patribus

87 2367 247 2443 Concilii
259 2367 365 2464 primi
383 2368 667 2443 Beltimorensis
681 2369 941 2463 Provincialis,
957 2368 1004 2442 A.
1024 2369 1066 2443 S.
1084 2372 1179 2442 1829
1247 2385 1250 2390 ’
1358 2382 1363 2393 “

87 2482 222 2575 ellatae,
235 2483 360 2555 durna
379 2482 509 2555 ssno
527 2482 642 2556 Patre
662 2495 832 2580 peterent
847 2496 889 2557 ut
906 2506 973 2580 pro
990 2481 1180 2580 baptizan-

91 2596 148 2671 dis
177 2580 379 2671 adultisoa
395 2597 433 2671 in
452 2597 557 2671 hisce
588 2597 797 2672 Provinciis
828 2597 883 2673 uti
910 2599 1042 2673 liceret
1058 2596 1180 2671 sorrno

87 2736 172 2808 quae
188 2710 226 2783 in
242 2710 387 2785 Rituali
412 2711 591 2785 Romano
609 2737 676 2808 pro
694 2712 919 2809 baptismate
943 2711 1178 2809 porvulorum

88 2824 285 2917 invenitur,
301 2824 426 2899 adhuc
445 2824 581 2923 vigent,
597 2824 710 2898 immo
728 2824 764 2898 in
784 2824 864 2898 dics
890 2823 1080 2923 graviores
1098 2848 1182 2897 eva-

90 2964 188 3013 surae
212 2939 401 3032 videntur3
426 2952 596 3014 statuunt
620 2939 756 3014 Patres
784 2940 825 3013 S.
853 2940 947 3013 Sedi
973 2939 1184 3038 supplican-

91 3054 180 3127 dum
198 3078 297 3145 esse,
313 3065 353 3127 ut
372 3053 600 3151 privilegium
617 3067 707 3128 tunc
726 3055 775 3128 ad
792 3053 919 3151 viginti
937 3076 1057 3127 annos
1073 3054 1183 3152 juxta

90 3167 249 3241 Petrum
267 3191 400 3264 preces
419 3192 658 3260 concessum,
675 3193 774 3242 nunc
793 3180 1014 3266 perpetuum
1031 3168 1109 3261 fiat,
1121 3168 1179 3240 vel

90 3281 224 3356 saltem
242 3282 291 3355 ad
309 3280 435 3380 viginti
452 3306 571 3355 annos
589 3281 722 3356 iterum
741 3281 984 3357 concedatur.

138 3510 285 3585 XXIV.
320 3510 528 3586 Decretum
546 3524 694 3585 sextum
711 3511 873 3586 Concilii
898 3510 1183 3585 Baltimorensis

90 3624 337 3698 Provincialis
368 3624 446 3699 VH
478 3625 758 3723 intelligendum
794 3624 1030 3698 declaramus
1061 3624 1108 3699 de
1138 3624 1182 3698 iis

91 3739 155 3836 qui
171 3752 314 3814 temero
326 3740 603 3838 conjunguntur
620 3762 748 3813 coram
767 3763 941 3836 praecone
959 3738 1185 3833 acatholico,

91 3865 227 3927 contra
255 3853 358 3951 leges
386 3854 666 3928 ecclesiasticas
697 3877 781 3950 quae
806 3863 933 3926 vetant
957 3853 1184 3927 communio·

91 3990 179 4040 nem
207 3965 246 4039 in
277 3965 407 4039 divinis
438 3992 525 4040 curn
552 3965 750 4058 haereticis,
766 3977 805 4038 et
821 3964 989 4063 usurpati
1019 3966 1183 4041 muneris

92 4080 191 4154 sacri
216 4079 455 4178 agnitionem.
506 4079 693 4155 Nolumus
718 4079 939 4154 secerdotes
965 4103 1073 4153 suern
1098 4105 1185 4178 ope-

93 4218 173 4267 ram
192 4205 370 4291 praestare
388 4193 431 4265 iis
450 4218 546 4290 quos
564 4192 733 4269 noverint
750 4191 989 4266 ministellum
1007 4192 1187 4291 edituros,

96 4307 247 4381 studetis
266 4307 547 4381 matrimonialis
564 4306 723 4381 iterandi
739 4331 870 4399 cause,
886 4307 944 4379 vel
963 4306 1025 4404 qui
1042 4306 1185 4383 soedore
