2820 5010
152 377 225 451 178
436 396 650 449 concrmuu
675 395 965 450 unnrruounuse

150 573 307 650 Domini
322 598 400 649 non
416 573 674 672 praeteribunt:
700 573 939 650 descendant
960 574 1089 674 itaque
1105 575 1259 670 imbres,

152 689 312 788 perflent
325 689 439 784 venti,
451 689 622 789 mugiant
634 689 813 783 tonitrua,
824 688 1044 789 illuviesque
1056 691 1260 766 absumant

152 813 322 896 terrena3
349 804 485 878 domus
514 828 627 904 quam
655 802 807 900 sapiens
833 803 959 879 divina
981 829 1118 881 manus
1146 828 1260 902 super

153 916 253 994 hanc
283 931 430 1018 petram
460 918 591 1014 erexit,
615 917 713 993 inter
742 917 813 993 seri
838 918 954 995 maris
980 920 1121 996 fluctus
1151 919 1262 994 firma

152 1058 307 1132 semper
323 1033 500 1109 manebit.

204 1147 272 1223 Sic
297 1171 366 1246 por
388 1145 606 1222 octodecim
629 1146 784 1242 saecula,
800 1171 848 1221 ex
865 1171 942 1246 quo
967 1146 1139 1245 piscator
1160 1144 1262 1237 Geli-

152 1260 258 1357 laeus,
273 1273 315 1337 ut
332 1261 507 1360 princeps
526 1261 801 1358 Apostolorum
818 1262 940 1356 fieret,
956 1262 1083 1338 claves
1105 1262 1127 1336 ri
1144 1286 1259 1337 manu

152 1374 253 1451 Jssu
282 1376 427 1475 recepit
455 1376 507 1450 ad
539 1376 719 1474 populum
750 1376 1009 1453 Christianum
1036 1377 1262 1477 regendum,

142 1488 397 1588 fremerent
419 1490 573 1583 Gentes,
589 1502 627 1566 et
639 1492 781 1592 populi
796 1492 974 1567 nuditati
989 1493 1260 1567 sustinentia:

152 1605 361 1680 astiterunt
383 1628 497 1704 reges
518 1616 644 1699 terre,
660 1616 699 1680 et
714 1607 917 1707 princpes
934 1617 1200 1681 conuenerunt
1219 1607 1263 1681 in

153 1744 278 1794 unum
305 1716 490 1794 moerebo
521 1719 750 1814 Dorm'num,
778 1731 817 1795 et
845 1719 1028 1795 αάυονεὰε
1062 1720 1264 1797 cerintum

154 1836 268 1936 ejus‘.
320 1832 401 1916 Qui
418 1832 618 1909 habitatin
635 1834 754 1910 Coelis
775 1834 955 1910 irridebat
970 1859 1053 1930 eos,
1069 1845 1110 1910 et
1129 1833 1262 1911 Domi

153 1974 224 2025 nus
246 1950 504 2024 subsannabat
526 1974 606 2023 eos.
658 1947 822 2022 Ubinam
844 1973 947 2023 nunc
970 1947 1032 2023 isti
1057 1948 1259 2048 potentes?

156 2065 281 2147 Quasi
297 2066 487 2165 gigantes
503 2065 696 2139 nominati
712 2064 783 2159 illi,
799 2066 868 2163 qui
883 2065 932 2140 ub
949 2065 1064 2140 initio
1076 2063 1263 2162 fisemnt,

154 2181 320 2256 scientes
345 2180 495 2253 bellum.
544 2179 642 2253 Non
664 2179 736 2254 bos
761 2180 878 2280 elegit
903 2180 1262 2279 Bononiensemque

154 2295 260 2370 oium
287 2294 503 2395 dismplinae
531 2295 784 2370 invenenant:
810 2306 1022 2393 propterea
1043 2295 1261 2394 perierunt.

153 2408 209 2484 m
224 2408 410 2507 proruam
431 2431 513 2482 non
530 2407 750 2483 babuerunt
766 2409 1013 2507 sapientium,
1028 2410 1263 2484 interierunt

151 2535 311 2624 propter
326 2548 442 2597 suam
458 2523 752 2621 implentium.
803 2521 842 2596 N
844 2547 901 2617 os,
917 2549 989 2598 nos
1012 2522 1083 2621 ipsi
1100 2523 1276 2599 vidimus·

154 2639 257 2714 illum
270 2637 333 2712 cui
350 2638 480 2712 datum
493 2636 563 2711 fuit
575 2638 625 2711 ad
642 2649 792 2735 tempus
811 2637 961 2736 gloriari
978 2637 1016 2713 in
1033 2637 1184 2732 malitiis,
1197 2638 1261 2736 qui

155 2752 252 2828 inter
280 2752 497 2826 diademata
522 2751 701 2847 tanquam
728 2750 825 2825 inter
852 2751 1060 2850 crepundia
1086 2752 1262 2845 ludebat3

156 2867 279 2966 ipsum
297 2866 455 2941 vidimus
478 2878 673 2963 potentem
695 2866 733 2939 in
754 2866 949 2964 iniquitate
974 2868 1015 2942 S.
1036 2867 1181 2942 Sedem
1199 2892 1263 2967 ag-

157 2981 275 3081 gredi,
301 3005 436 3055 manus
466 2980 672 3079 sacrilegas
703 2980 927 3077 patrimonio
958 2981 1064 3056 Petri
1093 2981 1263 3079 injicere,

154 3097 478 3195 praedecessorem
503 3107 610 3169 tuum
635 3096 759 3169 beatae
783 3096 976 3170 memoriae
1000 3095 1039 3171 in
1063 3119 1261 3171 carcerem

154 3209 313 3309 turpiter
330 3211 551 3301 detrudore;
576 3209 679 3283 illum
697 3208 855 3283 vidimus
874 3235 921 3284 ex
939 3209 1033 3283 solio
1052 3234 1168 3285 manu
1185 3210 1262 3285 Dei

155 3350 373 3420 excussum,
390 3322 579 3399 dedecore
606 3322 825 3422 fugientem,
848 3336 1016 3422 captum,
1036 3324 1198 3421 scopulo
1224 3325 1261 3399 in

156 3441 289 3516 mediis
307 3440 417 3516 undis
436 3451 518 3513 toto
532 3440 624 3513 orbe
642 3450 841 3536 spectante
856 3438 1061 3537 alligatum,
1073 3438 1261 3537 lentisque

156 3554 324 3653 suspiriis
342 3554 506 3628 animam
524 3578 591 3651 per
605 3577 725 3627 annos
743 3552 877 3628 misere
896 3566 1074 3652 agentem
1091 3554 1261 3652 periisse.

156 3671 332 3763 Ubinam,
359 3670 593 3743 Brenmssmn
625 3670 772 3764 Parra,
799 3669 951 3744 ubinam
980 3670 1196 3744 inveniendi
1225 3670 1263 3745 hi

156 3785 220 3887 qui
238 3785 362 3884 gladio
382 3784 523 3858 suffulti
541 3784 759 3860 Ecclesiam
778 3784 1026 3883 oppressere?
1077 3784 1140 3859 Ex
1159 3786 1263 3860 ruini

155 3904 296 3980 tumbae
332 3898 498 3973 Neronis
531 3899 657 3974 videre
688 3899 777 3974 licet
806 3900 1043 3973 mausoleum
1074 3899 1261 3976 Vaticani.

157 4020 220 4096 En
238 4016 438 4114 scopulum
461 4016 618 4090 Sanctae
635 4015 807 4109 Helena,
824 4016 915 4089 dum
934 4015 1153 4090 Christiano
1171 4019 1263 4091 orbe

157 4133 360 4234 plaudente
374 4131 505 4205 Roma
517 4129 751 4228 triumphans
764 4130 907 4228 gremio
920 4155 990 4204 suo
1003 4130 1142 4228 excipit
1154 4132 1263 4206 redu-

157 4274 243 4327 cem
262 4247 379 4321 Pruu.
433 4246 510 4321 Per
527 4245 609 4320 lraec
629 4245 782 4339 saecula,
800 4256 892 4342 quot
910 4257 946 4319 et
967 4244 1098 4342 quanti
1115 4245 1263 4345 tyranni

316 4392 331 4426 θ
350 4390 395 4448 Pa.
409 4389 438 4457 ii,
455 4392 464 4446 l
481 4390 545 4446 012.
688 4391 705 4455 †
724 4387 848 4457 Baruch,
861 4389 900 4457 iii,
912 4388 958 4456 26,
971 4389 1007 4447 27
1019 4388 1103 4448 2128.
