2820 5010
164 378 237 449 loo
446 399 660 451 concmmrr
686 398 975 451 aaarrrroasnaa

161 571 345 672 Superior
358 571 514 649 Ordinis
532 575 709 650 Fratrum
727 574 981 650 Eremitarum
1000 574 1043 649 S.
1059 574 1253 674 Augustini

159 687 197 762 in
215 687 429 765 Foederatis
447 689 638 765 Amorioae
654 689 876 765 Provinciis.

524 941 665 1003 sassIO
686 942 895 1004 SECUNDA.

207 1149 286 1223 Dm
311 1149 407 1225 Maii
430 1154 493 1246 21,
509 1150 601 1225 hori
624 1153 735 1245 noni,
751 1164 838 1250 post
862 1149 1026 1225 Missam
1049 1150 1255 1225 solemnem

158 1263 437 1339 Defunctorum
455 1266 503 1339 ab
521 1264 633 1339 lltmo
650 1288 698 1339 ac
716 1265 870 1339 Revtito
886 1265 937 1339 D.
956 1263 1156 1364 Episcopo
1174 1262 1257 1339 vin

157 1379 451 1476 cennopolitano
465 1378 709 1472 celebratam,
720 1392 761 1454 et
777 1379 1002 1455 concionem
1019 1379 1068 1453 ab
1085 1377 1199 1452 Illflto
1212 1400 1255 1451 ac

142 1490 309 1567 Revflto
334 1493 385 1567 D.
404 1492 601 1591 Episcopo
620 1492 905 1569 Cincinnatensi
926 1492 1105 1587 habitam,
1122 1490 1256 1568 Sessio

156 1606 328 1681 secunda
343 1606 382 1681 in
399 1606 578 1682 Ecclesia
599 1606 905 1706 Metropolitanb,
915 1609 1027 1706 juxta
1042 1606 1204 1681 formam
1220 1606 1255 1680 in

157 1719 372 1797 Pontificali
389 1719 570 1796 Romano
587 1722 858 1821 prescriptam,
874 1735 1030 1820 peracta
1047 1733 1117 1796 est.
1162 1719 1257 1795 Lec-

156 1846 207 1910 tae
224 1835 375 1910 fuerunt
391 1835 611 1911 solemnitor
628 1835 704 1917 SS.
719 1837 769 1911 D.
783 1835 833 1911 N.
851 1836 1046 1911 Gnaoonn
1065 1833 1147 1909 ΡΡ.
1161 1833 1256 1909 xvl

155 1947 289 2023 litterae
314 1949 549 2047 Apostolicoe
578 1950 627 2026 de
657 1949 889 2050 Nigritamm
918 1947 1153 2026 commercio
1180 1972 1257 2026 non

156 2064 384 2151 exercendo.

351 2320 526 2397 onnam
546 2322 846 2386 cononaomro
867 2284 1060 2386 sarvam.

203 2516 282 2590 Dm
308 2514 404 2591 Maii
424 2520 487 2612 tt,
503 2517 595 2592 hori
617 2519 717 2592 nona
742 2518 790 2592 A.
808 2516 864 2592 Μ.
883 2517 1012 2594 habita
1036 2531 1096 2595 est
1120 2531 1258 2617 quarta

155 2631 413 2731 congregatio
430 2632 576 2729 privata
591 2633 729 2707 eodem
746 2631 834 2708 loco
850 2657 927 2730 quo
945 2633 1075 2731 prima.

202 2748 302 2824 cnm
316 2773 363 2822 ex
382 2749 423 2821 S.
442 2749 556 2823 Sedis
574 2749 802 2848 indulgentiis
819 2749 997 2848 obligatio
1015 2749 1193 2826 servandi
1206 2752 1254 2828 de

153 2876 345 2963 praeopto
371 2863 510 2938 festum
528 2863 604 2937 SS.
624 2864 731 2938 Petri
756 2877 795 2938 ct
820 2864 932 2939 Pauli
956 2865 1126 2940 relaxata
1146 2867 1254 2941 sitin

153 2977 258 3054 bisce
275 2978 490 3053 Foederatis
509 2977 731 3072 Provinciis,
746 2979 877 3054 relicta
891 2979 930 3054 in
946 2980 1134 3057 nonnullis
1151 2980 1255 3056 Dios

153 3092 303 3166 casibus
321 3092 549 3191 obligatione
564 3090 762 3189 jejunandi
777 3091 816 3165 in
833 3091 951 3190 vigilia
967 3093 1138 3191 ejusdem
1155 3093 1257 3188 fasti,

153 3230 238 3303 quae
262 3219 391 3281 tamen
414 3207 453 3280 in
478 3207 558 3281 aliis
583 3205 825 3281 Dioecesibus
850 3231 928 3280 non
953 3206 1070 3306 viget,
1096 3233 1254 3286 censue

151 3331 238 3395 runt
256 3320 392 3395 Patres
405 3321 692 3419 supplicandum
707 3321 748 3395 S.
765 3321 860 3395 Sedi
876 3333 918 3397 ut
928 3321 1061 3420 jejunii
1073 3324 1253 3424 obligatio

151 3435 189 3510 in
206 3435 385 3535 praedicti
398 3436 516 3534 vigilii
532 3435 697 3529 tollatur,
709 3448 752 3509 ut
768 3437 904 3510 eadem
921 3436 970 3510 sit
987 3436 1197 3535 disciplina,
1208 3443 1252 3514 ab

152 3550 200 3624 de
224 3575 279 3644 ro,
299 3574 367 3648 per
390 3574 523 3623 omnes
547 3549 773 3625 Foederatas
799 3550 1030 3625 Provincias.
1082 3552 1252 3629 Consua

151 3675 237 3739 runt
262 3663 401 3762 pariter
425 3663 711 3762 supplicandum
735 3689 822 3738 esse
849 3664 890 3737 S.
917 3664 1011 3738 Sedi
1036 3677 1078 3738 ut
1102 3666 1251 3766 dispen-

151 3777 248 3852 satio
266 3778 314 3851 ab
332 3776 554 3852 abstinentiis
570 3780 729 3853 sabbato
746 3779 796 3853 ani
819 3777 1044 3853 decennium
1062 3802 1251 3857 concessa

151 3891 345 3966 Fidelibus
363 3890 474 3989 hujus
492 3891 715 3987 Provincia,
731 3904 914 3990 perpetua
930 3891 1006 3965 fiat.

199 4004 351 4079 Deinde
376 4016 519 4082 statuta
544 4005 694 4080 suerunt
711 4031 796 4104 quae
812 4005 849 4078 in
867 4005 1045 4081 Decretis
1063 4009 1101 4103 6,
1116 4011 1155 4104 7,
1170 4013 1195 4085 8
1211 4022 1249 4085 et

151 4118 376 4218 9leguntur.
