2820 5010
151 320 176 389 4
439 339 650 390 concnruu
676 339 964 389 eanrruoasnsn
1005 392 1008 397 ,

150 515 383 591 tentrionalis
395 539 419 589 a
432 515 539 589 nobis
554 514 739 611 petierint,
750 526 791 590 ut
802 514 1009 612 plenarium
1020 514 1152 590 haberi
1165 539 1242 613 pos·

151 630 199 705 sit
211 629 424 706 Concilium
437 654 485 703 ex
498 628 670 702 omnibus
683 628 845 728 regionis
863 628 959 703 illius
973 628 1244 729 EpiscopiS,ea

151 746 386 845 potissimum
404 746 452 819 de
470 768 600 837 causa,
618 756 658 818 ut
676 745 824 819 collatis
846 746 1013 820 consiliis
1039 770 1244 845 proponan-

151 874 211 936 tur
227 886 312 959 quae
336 860 384 934 ad
404 858 609 957 disciplinae
625 858 917 933 uniformitatem
942 859 1169 935 servandam
1187 885 1244 958 op·

152 988 313 1073 portuno
339 998 425 1048 esse
456 972 613 1070 possint,
638 997 708 1045 nos
738 973 999 1049 communibus
1027 974 1243 1048 eorumdem

151 1089 372 1163 Antistitum
390 1086 484 1161 votis
502 1087 744 1162 adnuendum
762 1087 949 1181 duximus,
962 1112 1008 1161 ac
1022 1089 1072 1162 de
1090 1089 1244 1163 consilio

151 1203 234 1277 VV.
257 1202 339 1277 FF.
366 1200 456 1276 NN.
484 1201 525 1274 S.
551 1200 599 1274 E.
624 1200 675 1274 R.
702 1202 960 1276 Cardinalium
992 1204 1245 1302 propagando)

151 1317 262 1392 Fidei
287 1315 584 1415 praepositorum,
601 1327 639 1388 tc
665 1314 703 1387 in
729 1315 958 1415 Delegatum
983 1317 1245 1415 Apostolioum

150 1432 362 1532 eligendum
381 1430 686 1523 existimavimus,
709 1441 751 1503 ut
769 1430 942 1505 Concilio
965 1431 1089 1506 eidem
1108 1432 1247 1529 praesis,

151 1548 289 1646 quippe
307 1546 408 1643 quod
426 1547 473 1619 de
492 1544 669 1643 singulari
687 1557 752 1618 tua
777 1544 815 1618 in
836 1545 1124 1621 Ecclesiastiois
1143 1546 1247 1621 disci-

153 1663 261 1761 plinis
288 1660 432 1760 peritia,
450 1657 661 1733 Catholicae
677 1658 766 1733 fidei
783 1660 880 1753 zelo,
897 1671 936 1733 et
959 1659 1141 1758 obsequio
1160 1684 1248 1759 erga

153 1775 414 1876 Apostolicam
439 1774 582 1847 Sedem
608 1773 789 1870 praeclara
815 1771 996 1848 habemus
1015 1788 1245 1873 argumenta.

152 1891 213 1966 Te
231 1891 354 1989 igitur,
371 1913 482 1987 quem
501 1888 549 1962 ob
568 1888 702 1961 eadem
728 1887 888 1962 illustria
913 1888 1047 1963 merito
1071 1891 1119 1964 ab
1142 1890 1247 1987 Epis-

152 2004 277 2102 copali
306 2003 410 2077 Sede
438 2000 758 2099 Philadelphiensi
792 2003 842 2076 ad
872 2001 1247 2102 Archiepiscopalem

153 2117 370 2192 Ecclesiam
387 2115 702 2190 Boltimorensem
721 2115 943 2212 persimiles
961 2129 1113 2191 nostras
1127 2118 1248 2216 Apos-

154 2231 287 2306 tolicas
315 2230 458 2304 litteras
487 2229 562 2304 hoc
589 2229 673 2326 ipso
697 2229 757 2303 die
783 2229 891 2303 datas
918 2231 1191 2326 transtulimus
1212 2233 1248 2307 iu

155 2346 381 2443 Delegatum
413 2342 677 2441 Apostolicum
709 2342 892 2441 eligimus
921 2344 1187 2419 constituimus
1212 2359 1249 2420 et

153 2458 410 2533 renuntiamus
445 2458 494 2530 ad
529 2456 804 2553 praesidendum
838 2470 1047 2532 memorato
1083 2460 1248 2557 plenario

156 2572 329 2647 Concilio
348 2597 434 2645 cum
449 2571 620 2644 omnibus
635 2585 674 2644 et
691 2572 844 2669 singulis
858 2572 1101 2647 facultatibus
1119 2600 1251 2650 neces·

155 2688 261 2760 soriis
280 2700 318 2760 et
336 2685 568 2782 opportunis,
579 2686 688 2782 juxta
712 2684 979 2759 instructiones
998 2711 1064 2784 per
1083 2688 1250 2787 Congre-

156 2802 345 2899 gationem
364 2800 616 2898 propagando
632 2798 742 2871 Fidei
760 2799 824 2872 tibi
849 2802 1171 2896 transmittendas
1189 2830 1251 2901 po-

156 2915 339 2987 tissimum
358 2937 446 2985 vero
465 2926 506 2985 ut
523 2914 625 2986 Acta
642 2936 687 2984 ac
706 2912 876 2986 Decreta
893 2917 942 2988 ad
965 2917 1108 2989 Sedent
1127 2918 1250 3014 Apos-

156 3029 308 3102 tolicam
339 3027 522 3100 mittenda
550 3051 672 3118 cures,
702 3040 887 3123 quatenus
916 3029 1098 3126 judicium
1128 3032 1177 3104 de
1207 3032 1249 3104 iis

158 3143 312 3241 proferri
344 3143 478 3234 voleat,
507 3165 552 3214 ac
585 3141 615 3213 si
646 3141 763 3214 visum
795 3142 916 3236 suerit,
946 3147 1249 3240 comprobentur.

159 3258 246 3331 Hoc
283 3256 519 3330 decernimus
555 3268 593 3328 et
634 3257 870 3349 mandamus,
903 3283 980 3330 non
1014 3261 1250 3335 obstantibus

158 3370 404 3469 Apostolicis,
429 3383 541 3465 atque
568 3369 604 3442 in
631 3369 923 3464 Universalibus,
940 3371 1252 3448 Prouincialibus-

157 3512 244 3584 que,
261 3499 300 3557 et
327 3484 580 3581 Synodalibus
600 3485 779 3558 Conciliis
805 3486 913 3558 oditis
941 3488 1176 3583 generalibus
1195 3488 1252 3563 vol

157 3599 382 3697 specialibus
402 3598 741 3673 Constitutionibus
760 3612 798 3671 ct
812 3599 1135 3694 OrdinationibuS‚
1153 3617 1251 3678 cote-

158 3715 283 3810 risque
318 3712 514 3786 contrariis
550 3712 857 3808 quibuscumque.
926 3713 1069 3788 Datum
1113 3715 1251 3791 Romae

158 3829 258 3924 apud
289 3828 330 3899 S.
357 3826 514 3900 Petrum
546 3828 614 3899 sub
646 3826 784 3899 annulo
815 3826 1036 3922 PiscatoriS‚
1067 3829 1127 3903 die
1152 3830 1251 3904 XIX

158 3941 334 4040 Augusti,
344 3939 611 4033 MDCCCLI‚
624 3940 873 4015 Pontificatus
887 3942 1005 4015 nostri
1018 3967 1117 4018 anno
1131 3958 1251 4018 sexto.

536 4114 582 4187 Α.
611 4114 733 4187 Canu.
761 4114 1201 4192 LAMBRUSCHINI.
