2820 5010
151 393 200 465 76
438 411 651 464 concnwn
679 411 968 464 asurrnonsnss

204 588 292 665 vll.
319 588 482 688 Insuper
506 590 750 665 vehementer
776 613 953 689 urgemus
982 613 1116 665 omnes
1144 587 1258 689 bajus

155 703 367 779 Provinciae
391 704 581 778 Praesules
608 718 649 778 ut
674 704 856 803 religioni,
881 704 968 802 paci
992 704 1197 801 Ecclesiae,
1219 715 1259 779 et

155 818 406 895 sacerdotalis
424 818 565 893 ordinis
579 818 750 917 dignitati
768 820 982 913 consulant,
994 819 1130 894 saltem
1142 819 1259 894 Iacul-

154 946 254 1009 tates
280 933 408 1007 statim
433 934 663 1026 revocando,
680 933 738 1007 rel
763 935 812 1008 ab
834 933 936 1008 omni
961 958 1074 1009 sacro
1100 958 1258 1009 munera

156 1048 440 1146 suspendendo,
467 1049 716 1145 quoadusque
746 1061 834 1146 post
862 1048 1047 1148 integram
1076 1048 1258 1148 peaniten-

155 1162 247 1237 tiam
277 1173 317 1237 et
350 1161 649 1237 satisfactionem
683 1162 774 1260 ipsis
808 1161 1039 1238 Praesulibus
1064 1162 1187 1237 visum
1219 1161 1257 1239 in

154 1275 322 1352 Domino
350 1275 475 1369 luerit,
502 1299 780 1373 quemcumque
807 1276 1000 1351 Clericum
1026 1276 1089 1374 qui
1119 1276 1259 1374 aliqua·

155 1391 266 1467 tenus
284 1389 540 1489 usurpationis
566 1389 783 1488 hujusmodi
798 1390 1015 1484 fabricator,
1030 1414 1100 1465 scu
1116 1390 1154 1466 ei
1170 1414 1259 1467 con·

156 1507 324 1582 sentiens
358 1505 483 1599 luerit,
515 1518 627 1603 prout
661 1505 682 1579 i
714 1505 947 1583 Tridentinis
985 1505 1165 1582 Patribus
1198 1517 1258 1581 est

21 1624 32 1646 ⁰
156 1633 349 1697 statutum.

206 1734 315 1809 VIII.
342 1734 548 1827 Praeterea,
564 1733 597 1808 si
614 1735 722 1833 plebs
745 1734 883 1833 aliqua,
900 1760 969 1811 seu
987 1735 1259 1837 congregatio,

156 1873 226 1923 seu
243 1847 487 1923 AEdituorum
508 1862 643 1942 coetus,
660 1874 729 1923 seu
755 1849 816 1923 alii
833 1849 1061 1948 quicumque
1085 1849 1258 1950 aggressi

155 1963 293 2038 fuerint
310 1962 433 2060 aliqud
448 1963 594 2038 ratione
612 1977 748 2039 contra
773 1964 951 2040 Praesulis
970 1966 1204 2041 voluntatem
1218 1964 1256 2039 in

156 2077 335 2154 Ecclesid
360 2079 595 2175 qudcumque
621 2078 782 2154 retinere
814 2079 1067 2155 Sacerdotem
1093 2080 1256 2177 aliquem

155 2193 220 2291 qui
237 2193 258 2268 a
275 2192 445 2268 Praesule
462 2217 538 2265 non
556 2192 668 2267 suerit
684 2195 928 2291 approbatus,
940 2195 999 2269 vel
1017 2195 1127 2294 cujus
1143 2194 1258 2271 lacul-

155 2319 255 2382 tates
272 2307 411 2383 fuerint
431 2307 578 2400 ablatae,
595 2308 654 2381 vel
672 2309 735 2406 qui
760 2333 968 2406 suspensus
985 2309 1099 2384 fuerit
1116 2313 1259 2407 (quam-

155 2423 217 2499 dib
245 2447 323 2499 non
347 2422 459 2498 fuerit
485 2423 506 2495 ai
534 2423 700 2522 legitimo
730 2424 937 2522 Superiora
964 2423 1257 2523 rehabilitatns);

155 2538 214 2613 vel
232 2538 266 2612 si
277 2536 535 2637 Congregatio
553 2537 627 2631 illa,
639 2563 709 2613 seu
720 2538 964 2614 AEdituorum
981 2552 1106 2614 coetus
1122 2541 1259 2615 moles·

154 2652 247 2727 tiam
263 2652 400 2727 inserat
416 2651 453 2725 in
472 2676 542 2726 suo
561 2677 716 2727 munere
734 2653 911 2728 obeundo
925 2653 1038 2729 alicui
1055 2653 1258 2730 Sacerdoti

155 2791 307 2843 sacrum
318 2791 456 2842 munus
470 2766 663 2841 exercenti
676 2791 763 2840 cum
782 2766 959 2841 Praesulis
974 2767 1259 2866 approbatione,

155 2893 222 2956 aut
246 2882 436 2957 subducat
460 2881 520 2956 vel
545 2881 705 2954 retineat
731 2894 957 2956 consuetum
982 2882 1191 2958 subsidium
1208 2884 1257 2958 ad

155 2997 252 3075 illius
278 2997 611 3088 sustentationem
638 2996 827 3071 Praesules
854 3022 1031 3096 urgemus
1049 2998 1204 3085 omnind¹
1218 3011 1259 3075 ut

155 3124 236 3187 tum
259 3112 412 3188 demum
437 3109 664 3185 interdicant
681 3110 847 3207 ipsomm
866 3112 1084 3187 Ecclesiam
1103 3115 1259 3211 (quoad-

154 3252 277 3325 usque
302 3238 410 3301 tanto
436 3225 536 3298 malo
563 3225 770 3300 remedium
796 3225 1003 3323 afferatur),
1019 3226 1106 3302 cum
1127 3239 1259 3303 cetera

155 3343 283 3417 omnia
309 3340 478 3417 remedia
505 3339 650 3414 inutilia
677 3366 763 3414 esse
791 3355 983 3440 appareat.
1048 3342 1260 3418 Hortamur

155 3453 270 3529 etiam
297 3479 431 3529 omnes
460 3453 651 3528 Praesides
679 3453 717 3527 in
748 3455 821 3530 hac
850 3454 1061 3550 Provincia,
1087 3469 1129 3532 ut
1159 3457 1258 3558 saepe

154 3567 292 3668 saepiirs
304 3568 685 3643 Administrotoribus
699 3594 823 3644 rerum
837 3571 1100 3669 temporalium
1112 3599 1197 3671 quse
1210 3573 1259 3647 ad

154 3683 454 3760 Ecclesiasticos
481 3694 521 3755 et
547 3682 630 3780 pios
656 3708 748 3758 usus
773 3684 1021 3780 destinentur,
1045 3699 1259 3786 proponant

154 3811 194 3875 et
210 3799 416 3891 inculcent,
433 3808 472 3871 et
498 3797 713 3872 executioni
739 3799 959 3875 demandari
984 3813 1120 3876 curent
1137 3802 1260 3901 quasi

154 3912 330 3989 Concilio
356 3911 583 3987 Tridentino
609 3910 647 3984 in
675 3912 774 3988 hanc
801 3938 881 3987 rem
907 3926 996 3988 sunt
1021 3915 1258 3991 sanctissime

154 4027 320 4103 decreta.
373 4025 497 4122 (Sess.
515 4029 578 4120 22,
595 4050 678 4123 cap.
700 4032 743 4099 ll
765 4028 813 4101 de
831 4027 938 4124 Rei.)

203 4141 273 4216 lx
302 4139 401 4216 Clun
427 4164 622 4215 sacrarum
649 4141 932 4240 Scripturamm
951 4142 1127 4241 depositi,
1144 4144 1165 4217 a
1182 4145 1261 4218 Do·

155 4258 256 4335 mino
274 4256 465 4332 Ecclesiae
482 4257 689 4350 commissi,
702 4258 823 4331 fidelis
842 4258 1018 4333 custodia
1035 4262 1083 4334 ab
1102 4260 1261 4359 Episco

154 4374 212 4472 pis
243 4373 410 4471 requirat
438 4384 479 4446 ut
509 4373 598 4447 totis
625 4373 760 4447 viribus
787 4374 1004 4449 adnitantur
1029 4400 1078 4449 ne
1104 4378 1260 4450 verbum
