2820 5010
547 424 799 475 rnovrncmnr
827 426 849 475 r.
1199 405 1249 475 49

151 623 237 695 quae
260 598 457 674 utilitatem
482 623 530 674 ac
555 598 843 675 aedificationem
869 625 1044 699 magnam
1070 600 1248 694 afferunt3

151 723 192 787 at
208 713 378 788 volumus
395 715 532 789 eadem
549 714 664 809 Acta,
680 727 792 813 prout
812 715 914 790 edita
931 728 1019 790 sunt
1040 716 1061 789 ri
1080 715 1247 814 proxime

152 827 333 905 defuncto
344 829 661 928 Archiepiscopo,
671 830 840 905 doctrine
852 843 891 905 et
904 831 1028 905 studio
1039 830 1128 905 fidei
1141 855 1250 905 veno·

151 943 269 1036 rabili,
280 943 415 1018 iterirm
432 944 493 1019 edi
510 944 684 1020 unicum
701 945 811 1043 hujus
829 944 1073 1020 Provincialis
1088 944 1250 1020 Concilii

154 1057 355 1132 decretis.'’

181 1332 435 1394 DUODECIMA
457 1334 511 1394 ΕΤ
532 1334 692 1394 ULTIMA
714 1332 1010 1396 OONGREGATIO
1031 1334 1219 1395 PUBLIGA.

203 1512 323 1588 Hom
340 1515 471 1610 quarti
488 1513 532 1588 P.
551 1512 607 1587 Μ.
622 1526 880 1589 convenerunt
897 1512 1051 1588 Proelati
1068 1526 1106 1588 et
1123 1512 1250 1588 Theo

153 1628 242 1727 logi,
255 1640 294 1702 et
308 1629 356 1703 de
370 1628 494 1702 liberis
508 1627 781 1722 Muratoribus,
793 1628 842 1702 de
855 1640 1026 1725 tempore
1040 1627 1250 1726 proximum

154 1742 369 1818 Concilium
392 1743 622 1836 celebrandi,
642 1766 689 1817 ac
714 1743 762 1817 dc
787 1742 1010 1839 quibusdam
1031 1743 1112 1817 aliis
1135 1743 1250 1818 disse·

152 1870 318 1932 ruerunt.
370 1856 591 1957 Theologos
618 1856 762 1932 monuit
788 1857 962 1933 Revffius
987 1858 1251 1956 Archiepisco-

152 1997 237 2070 pus,
254 1997 302 2047 ex
319 1971 477 2047 Petrum
495 1996 699 2066 consensu,
715 1972 854 2047 nullam
871 1972 909 2047 in
927 1985 1120 2071 posterum
1138 1973 1251 2072 publi-

153 2111 240 2162 cam
259 2087 606 2186 congregationem
625 2088 848 2161 habendam.

325 2361 550 2422 UNDECIMA
572 2361 869 2423 CONGREGATIO
890 2362 1082 2423 PRIVATA.

204 2540 283 2615 Drn
300 2546 346 2614 16
360 2540 555 2634 OctobriS,
567 2541 659 2619 hort
676 2541 807 2638 quarti
823 2539 868 2615 P.
882 2539 939 2614 M.
953 2540 1040 2616 cirnr
1057 2540 1252 2616 convenis-

153 2667 240 2730 sent
264 2654 587 2747 Praesules,1ecta
613 2665 672 2728 est
697 2678 743 2729 ac
769 2656 979 2752 approbata
1003 2654 1179 2754 Epistola
1201 2656 1251 2730 ad

154 2771 356 2844 Summum
389 2767 632 2844 Pontificem:
666 2768 767 2844 lecta
797 2793 948 2866 quoque
978 2781 1066 2844 sunt
1096 2770 1253 2844 decreta

154 2882 270 2982 pridie
296 2883 385 2977 lata,
407 2895 522 2980 atque
547 2881 681 2956 iterdm
707 2883 940 2957 confirmata.
991 2883 1054 2958 De
1080 2884 1250 2959 secundo

154 2997 329 3074 Concilio
355 3009 443 3096 post
468 2996 667 3072 triennium
693 2997 869 3072 babendo
895 2997 1012 3071 latum
1038 3011 1098 3071 est
1123 2999 1252 3073 decre-

154 3124 235 3187 tum
253 3116 311 3186 38.

313 3384 565 3447 DUODEOIMA
586 3385 882 3447 CONGREGA'I'IO
903 3384 1094 3447 PRIVATA.

203 3566 284 3641 Dra
310 3569 356 3640 17
375 3564 570 3659 Octobris,
592 3566 684 3641 bord
707 3565 816 3640 tertia
837 3565 882 3640 P.
901 3564 956 3639 M.
1008 3566 1160 3641 Praelati
1183 3593 1252 3666 pro

154 3705 261 3755 more
273 3693 540 3755 convenerunt.
585 3671 709 3754 Lecta
719 3691 779 3753 est
789 3678 965 3778 Epistola
975 3680 1072 3754 Rev.
1085 3680 1135 3754 D.
1149 3682 1191 3755 S.
1204 3682 1251 3756 G.

155 3795 301 3889 Benna,
321 3796 393 3892 qul
416 3794 607 3891 quoddam
634 3794 830 3868 decretum
856 3795 904 3869 de
928 3795 1112 3869 vestiendi
1137 3798 1253 3870 modo

155 3909 434 3984 emendandum
457 3907 644 3982 humiliter
665 3910 913 4006 proponebat,
930 3909 1006 3982 ett
1027 3909 1174 4006 publicb
1191 3910 1253 3984 de-

155 4038 346 4101 cretorum
369 4023 545 4116 lectione,
561 4022 728 4120 proximi
746 4023 806 4097 die
829 4022 1042 4117 Dominicri,
1059 4024 1096 4097 in
1119 4023 1254 4098 Eccle-

154 4140 208 4214 sit
229 4139 507 4230 abstinendum,
524 4136 569 4212 ed
587 4136 686 4235 qudd
710 4136 864 4211 nimium
888 4137 1068 4234 temporis
1090 4138 1253 4236 spatium

154 4265 371 4351 occuparet.
424 4252 657 4327 Placuerunt
675 4253 757 4325 lraec
775 4251 973 4344 Patribua;
998 4252 1175 4349 ideoque,
1192 4253 1255 4327 de-

155 4368 239 4444 letis
257 4368 483 4467 quibusdam
507 4366 651 4443 decreti
668 4367 749 4466 jam
773 4366 838 4442 lati
859 4367 994 4462 vorbis,
1009 4392 1148 4442 novum
1166 4393 1255 4443 con·

301 4487 326 4558 Ἰ
