2820 5010
151 351 225 422 302
481 365 601 416 tsnax
619 359 909 413 auausnurrous.

686 609 711 664 C
841 646 844 657 .

158 713 340 770 Ommnick
348 708 659 776 edendum,83.-lllius
668 694 852 778 componendi
860 703 980 761 curacni
988 701 1152 759 demandata
1159 700 1237 766 toan,

222 797 424 853 dli-Romam
440 796 614 860 mittendum,
628 790 910 849 139.-Abomntbus
924 789 1103 855 serrandum,
1117 787 1177 854 142,
1190 786 1238 841 toa

159 885 257 940 cmm
269 883 470 938 Eccloeioaticus.
505 880 620 935 Abusus
632 878 667 934 ab
680 877 840 949 hujusmodi
850 887 933 932 cantu
945 873 1118 941 eliminandi,
1132 873 1189 928 tto.

159 968 378 1041 Corohpolitonno
390 966 533 1038 Ephoopns
548 982 604 1020 non
622 963 747 1019 inclusus
765 962 794 1017 in
809 963 915 1019 decreto
928 961 962 1016 de
972 959 1096 1015 ecclesiis
1107 956 1241 1014 Ordinatio

226 1052 408 1123 assignandis,
420 1052 464 1106 74.
837 1072 839 1082 ’

160 1138 330 1194 Gmschiomus
341 1137 369 1192 in
383 1153 467 1192 usum
478 1150 655 1192 communem
668 1133 697 1189 in
709 1132 753 1188 his
765 1129 917 1191 Provinciis
929 1129 1062 1198 mendas,
1074 1129 1119 1185 83.

160 1223 286 1279 Catholici
297 1223 331 1276 ad
343 1221 409 1290 quid
427 1230 570 1276 teneantur
582 1218 656 1274 sestis
675 1217 727 1273 illis
739 1217 837 1273 diebus
847 1216 897 1286 qui
912 1215 946 1270 ab
958 1214 1118 1272 acatholicis
1129 1229 1186 1269 non
1198 1228 1246 1268 ser·

226 1321 335 1373 vantur,
347 1308 392 1362 21.

161 1392 272 1448 ctam.
308 1392 355 1446 An
368 1391 524 1448 chartarum
537 1389 618 1445 ludus
630 1390 666 1445 sit
678 1387 840 1461 prohibitus,
851 1385 894 1444 69.

161 1479 276 1545 Chorus,
285 1477 357 1533 Ludi
367 1478 471 1541 semini,
481 1483 528 1532 etc.
564 1475 726 1531 Deterrendi
737 1473 845 1529 Fideles
857 1491 892 1529 ne
901 1472 1007 1529 choreis
1018 1484 1045 1528 et
1057 1471 1130 1528 ludis
1139 1468 1248 1526 scenicis

226 1562 359 1628 intersint,
372 1578 527 1632 pravosque
539 1560 620 1615 libros
632 1559 734 1630 legant,
745 1559 789 1615 27.
840 1596 843 1601 ·

162 1648 258 1704 Clerici
270 1657 358 1702 vestes
369 1657 466 1717 gerant
476 1662 528 1701 suo
537 1644 625 1700 ordini
637 1653 829 1714 congruentes,
840 1642 1040 1700 22-Nonnisi
1048 1658 1085 1697 ex
1094 1639 1249 1712 Apostolico

227 1732 335 1788 Indulto
347 1730 506 1787 ordinantur
522 1729 601 1786 titulo
613 1729 762 1795 missionis,
778 1728 838 1793 139,
853 1728 995 1785 tot-An
1007 1727 1100 1784 clerici
1116 1727 1146 1782 in
1162 1727 1250 1789 sacris,

228 1817 306 1873 titulo
318 1815 456 1872 missionis
468 1815 594 1881 ordinati,
606 1814 763 1885 religiosum
776 1813 901 1874 ordinem
912 1813 1016 1886 ingredi
1028 1812 1147 1886 possint,
1158 1811 1250 1867 stt.-

227 1901 327 1957 Saoros
339 1901 446 1957 ordines
459 1900 649 1972 suscipientes,
659 1899 692 1955 ad
705 1898 771 1968 quid
784 1916 814 1954 se
822 1897 941 1972 ohligare
952 1899 1078 1966 debeant,
1090 1897 1151 1966 139,
1163 1897 1251 1952 141.-

228 1987 272 2042 Ne
290 1987 318 2041 in
330 1986 411 2042 domo
423 1991 474 2041 sut
491 1986 624 2041 retineant
635 1984 751 2041 seminas
765 1984 799 2038 de
811 1984 912 2056 quibus
924 1984 1022 2039 existat
1035 1983 1111 2041 mala
1124 1981 1251 2054 suspicio,

192 2122 199 2141 ,
228 2070 274 2126 rel
291 2087 354 2144 qne
370 2071 426 2127 sint
442 2070 535 2128 minda
548 2070 729 2143 quadraginta
745 2085 893 2141 annornm,
904 2069 1029 2126 22-De
1045 2086 1075 2124 re
1088 2067 1163 2141 juris
1175 2066 1253 2123 stricti

228 2156 415 2213 Ecclesiastici
432 2156 507 2229 apud
523 2155 667 2211 saculares
681 2154 789 2227 judices
807 2155 970 2212 contendere
987 2154 1178 2226 prohibentur,
1198 2153 1252 2218 tto,

231 2242 404 2303 toz-Quid
424 2242 566 2297 decausis
587 2241 691 2308 mixtis,
711 2239 908 2301 tto-Qualis
928 2240 1101 2297 clericorum
1122 2241 1180 2296 rita
1199 2256 1253 2296 esse

230 2326 334 2393 dehent,
349 2325 542 2383 tta-caera
553 2343 639 2400 potero
650 2326 680 2381 in
690 2325 765 2381 cerho
780 2326 915 2395 Pastorss,
927 2333 951 2382 st
962 2327 992 2382 ia
1001 2326 1078 2383 cssho
1090 2326 1254 2383 Sacerdotes.

165 2411 307 2485 Gocdjotor
323 2412 408 2466 inrito
426 2410 565 2482 Episcopo
583 2426 639 2465 non
649 2409 767 2477 dandus,
780 2420 807 2464 et
818 2410 852 2466 ab
864 2413 924 2482 ipso
937 2411 1078 2483 Episcopo
1090 2409 1253 2482 seligendus,

233 2495 477 2567 104.-Coadiutor
491 2495 620 2566 Coadjuti
637 2495 754 2550 absentis
767 2496 848 2552 vices'
860 2496 992 2566 implens,
1001 2497 1045 2551 vel
1062 2495 1254 2567 Episcopalem

231 2581 259 2638 in
282 2581 432 2636 DioecesIm
449 2579 667 2652 jurisdictionem
689 2579 803 2648 habens,
822 2582 849 2635 in
868 2580 991 2636 conciliis
1011 2580 1087 2636 sedet
1108 2598 1175 2637 oum
1193 2597 1255 2634 roae

232 2666 361 2732 decisivo,
373 2665 417 2721 96.

167 2752 332 2824 Goodjutores
343 2751 491 2819 designati:
507 2750 607 2806 DD.J.
622 2751 751 2820 Hughes,
767 2751 885 2806 tta-J.
898 2752 982 2818 Odin,
997 2751 1108 2808 187,-.1
1112 2793 1118 2806 .
1132 2751 1256 2806 MoClos

232 2837 296 2904 key,
307 2835 430 2890 227.-.1.
443 2835 476 2889 Β.
490 2836 667 2907 Fitzpatriclr,
679 2837 740 2892 227.

168 2922 280 2977 collecto
292 2923 319 2976 in
332 2921 516 2976 anniversario
529 2922 672 2977 creationis
685 2933 711 2976 et
723 2921 903 2977 coronationis
922 2922 1004 2992 Papae
1019 2923 1158 2994 regnantis
1171 2923 1258 2978 dicen-

233 3007 277 3073 da,
293 3007 350 3062 197.

168 3093 286 3148 Goilootae
299 3092 428 3146 facienda
442 3103 471 3146 ut
483 3092 600 3146 Summo
615 3092 738 3147 Pontifici
751 3093 937 3160 subveniatur,
949 3094 1010 3149 272.

168 3179 327 3233 Commaosio.
363 3179 443 3232 Pueri
456 3178 489 3232 ad
506 3180 623 3249 primam
636 3181 860 3234 communionem
872 3180 1012 3250 diligenter
1023 3181 1207 3250 praeparandi,
1221 3180 1258 3233 15.

233 3263 432 3334 -Prorcgatur
450 3275 559 3335 tempus
575 3265 760 3319 satisfaciendi
777 3275 912 3335 praeoepto
925 3266 1129 3320 communionis
1147 3266 1259 3337 pascha-

234 3348 278 3414 lis,
289 3348 333 3403 92

170 3435 314 3492 Caruilium
334 3435 475 3490 Numan
499 3435 640 3491 Baltimori
664 3453 737 3491 anno
764 3436 830 3491 1852
850 3437 1019 3503 habendum,
1038 3437 1261 3493 279.-Concilia

235 3520 541 3589 Prouincialiaquatucr
554 3522 643 3591 priora
655 3539 718 3576 oum
729 3522 897 3591 alphabetico
911 3522 999 3577 indice
1012 3523 1085 3593 typis
1099 3525 1262 3580 mandanda.

239 3607 296 3661 165.

169 3691 368 3762 Cortsesct'ortniin
380 3691 406 3744 in
420 3690 548 3745 omnibus
561 3691 683 3746 ecclesiis
696 3693 833 3762 erigenda,
845 3692 892 3759 81,
904 3693 965 3748 218.
1070 3715 1073 3721 ’

170 3778 325 3847 confirmati
336 3776 521 3830 describantur
532 3776 560 3829 in
575 3776 648 3830 libris
661 3780 677 3831 i
689 3777 855 3843 Pastorihus‚
867 3778 910 3833 78.

167 3861 339 3999 Confirnpptbip
355 3861 459 4000 pompos
482 3861 596 3916 conferri
618 3863 714 3932 possit,
735 3861 776 3928 13,
794 3863 1018 3919 80.-Schedulae
1038 3867 1054 3919 a
1072 3866 1264 3921 confirmandis

236 3963 300 3999 ext
336 3963 353 3998 n
373 3963 406 4011 te,
456 3988 462 3999 .

172 4030 316 4084 Gottncntm
336 4047 408 4084 anno
433 4032 499 4086 1810
522 4032 629 4086 habitus
652 4033 787 4099 laudatur,
810 4034 1024 4107 48.-Ejus‹tem
1047 4048 1147 4093 statuta
1170 4039 1264 4093 iterium

236 4115 339 4170 edenda
353 4127 378 4169 et
392 4117 570 4177 observanda.
583 4118 624 4173 81.
