2820 5010
425 418 661 493 nrmcnsnnn,
685 421 786 473 nuno
811 421 880 476 ma
1150 400 1199 472 ‘21

105 593 202 669 fides
219 605 335 692 atque
351 595 474 670 omnis
499 596 538 670 in
562 596 689 672 Deum
707 598 841 696 pietas,
856 620 1078 694 morumque
1095 621 1203 672 sanc·

106 710 264 784 timonio
279 710 318 784 in
335 710 474 808 populo
492 712 601 785 nobis
619 714 824 787 commisso
842 714 992 812 rigeant
1017 737 1064 787 ae
1080 713 1202 812 magis

106 825 303 923 magisque
320 837 538 924 augeantur.
590 827 711 901 Festo
729 827 790 901 die
807 827 1090 925 Assumptionis
1108 828 1204 926 ejus-

108 940 195 1013 dem
221 939 450 1014 beatissimae
476 939 640 1040 Virginis
667 941 814 1036 Mariae,
840 942 878 1015 in
905 943 1064 1040 primum
1090 940 1205 1015 Balti-

107 1054 204 1127 mori
229 1053 465 1153 Episcopum
482 1055 618 1130 fuimus
637 1056 869 1149 consecrati3
892 1080 1008 1152 quare
1027 1054 1204 1153 singulari

108 1168 210 1269 cultu
237 1180 381 1243 tantam
406 1169 613 1244 Patronem
630 1170 890 1244 honorandam
908 1172 1105 1262 ducentes,
1122 1169 1205 1243 hor-

107 1294 232 1357 tamur
248 1283 427 1381 imprimis
445 1285 676 1359 venerabiles
695 1284 916 1359 Confratres
933 1296 1099 1376 nostroS,
1110 1292 1152 1357 ut
1165 1294 1205 1357 et

107 1397 180 1495 ipsi
204 1400 341 1496 magna
365 1400 566 1473 devotione
590 1400 848 1473 beatissimam
872 1399 1066 1498 Virginem
1095 1421 1205 1471 vene

109 1523 251 1606 rentur,
266 1513 441 1612 idemque
459 1512 557 1611 saepd
575 1524 615 1587 et
631 1513 728 1587 serio
754 1514 831 1587 suis
857 1513 988 1587 ovibus
1014 1536 1205 1586 commen-

110 1626 214 1720 dent,
243 1639 356 1724 atque
386 1638 427 1702 ut
456 1628 494 1701 in
524 1628 605 1726 ejus
635 1627 844 1725 patrocinio
879 1626 1100 1724 praeclarum
1134 1626 1205 1700 sibi

110 1741 323 1838 praesidium
341 1742 520 1816 constitui
540 1743 763 1817 existiment„
816 1741 1026 1815 Statuimus
1051 1740 1205 1838 insuper

110 1855 354 1930 Dominicam
370 1881 454 1954 quas
470 1857 541 1931 erit
557 1856 656 1930 intra
671 1868 847 1930 octavam
864 1854 950 1929 festi
967 1854 1205 1952 Assumptio

109 1970 182 2063 nis,
210 1982 276 2045 aut
304 1970 427 2069 ipsum
456 1970 607 2065 festum,
631 1971 663 2045 si
688 1970 727 2044 in
750 1969 993 2044 Dominicam
1021 1969 1207 2064 inciderit,

110 2096 290 2182 tanquam
306 2085 467 2160 Festum
484 2085 688 2184 principale
701 2084 811 2184 hujus
828 2083 1055 2159 Dioeceseos
1069 2082 1206 2158 hahen-

111 2199 202 2275 dum
219 2223 320 2292 esse,
334 2199 373 2272 in
396 2224 474 2297 quo
500 2199 659 2298 populus
685 2199 788 2273 omni
811 2199 957 2272 ratione
983 2197 1205 2274 excitandus

111 2313 182 2386 erit
198 2313 248 2387 ad
265 2311 323 2411 pie
342 2324 550 2410 sancteque
568 2313 810 2411 suscipienda
827 2323 1066 2388 sacramenta
1082 2305 1207 2386 Poeni-

110 2428 238 2502 tentiae
258 2439 298 2501 et
322 2427 582 2503 Eucharistiae.
634 2427 698 2503 Ad
724 2428 924 2502 fovendam
947 2437 1074 2501 autem
1094 2426 1207 2500 Fide

112 2540 201 2615 lium
219 2541 411 2639 pietatem,
427 2542 511 2617 Nos
531 2543 627 2617 Sedi
642 2543 878 2641 Apostolicae
894 2541 1053 2615 humiles
1071 2564 1206 2639 preces

111 2655 346 2754 porrigemus
371 2681 440 2754 pro
467 2657 678 2731 obtinendis
696 2658 734 2731 in
751 2656 825 2731 hoc
850 2657 1010 2730 Festum
1028 2656 1208 2754 amplissi-

113 2769 184 2843 mis
209 2769 338 2868 gratiis
356 2771 622 2868 spiritualibus,
638 2772 686 2845 de
704 2771 852 2869 quibus,
867 2772 900 2845 si
917 2794 1114 2845 concessae
1131 2770 1208 2844 fue
1247 2792 1257 2800 ·

113 2883 198 2977 rint,
214 2908 347 2957 omnes
364 2882 456 2957 fient
473 2884 665 2958 certiores.

162 3003 221 3072 20.
262 2999 463 3092 Catholici,
492 3011 723 3075 mercatores
757 2999 976 3098 praesertim,
1009 3022 1055 3072 ac
1085 2997 1208 3073 omnis

113 3113 262 3212 generis
279 3113 436 3211 opifices
450 3114 514 3210 qui
529 3114 568 3188 in
586 3114 733 3212 oppidis
751 3114 905 3213 degunt,
916 3136 993 3185 non
1007 3112 1087 3184 sine
1106 3112 1209 3210 gravi

112 3226 355 3301 incommodo
374 3226 598 3301 amercibus
620 3227 838 3320 vendendis,
854 3235 920 3299 aut
945 3226 1120 3322 operibus
1146 3227 1210 3301 ah-

113 3341 253 3415 stinere
281 3353 452 3438 possunt,
478 3340 584 3415 sestis
612 3340 681 3415 illis
708 3341 839 3415 diebus
866 3364 949 3436 quae
973 3341 1020 3413 ab
1047 3340 1209 3415 Hetero

114 3455 223 3529 doxis
240 3454 409 3529 similiter
433 3479 510 3528 non
535 3467 739 3529 servantur.
791 3454 902 3529 Unde
923 3453 1055 3529 meriti)
1080 3456 1210 3529 timon-

114 3569 218 3663 dum,
242 3569 274 3643 si
299 3566 373 3643 hoc
399 3567 566 3667 rigorose
597 3570 768 3668 exigitur,
792 3568 937 3665 ahquos
962 3568 1107 3643 futuros
1134 3569 1211 3666 qui,

113 3707 162 3758 ne
196 3695 341 3758 tantam
374 3708 499 3758 rerum
537 3685 797 3781 temporalium
829 3684 1019 3782 jacturam
1057 3683 1210 3778 faciant,

113 3810 265 3873 aetemae
281 3799 412 3872 salutis
438 3798 646 3896 periculum
671 3799 872 3873 incurrent
924 3797 977 3872 Ut
994 3797 1105 3896 igitur
1122 3797 1209 3873 huic

113 3913 357 3987 incommodo
375 3913 524 3987 obviam
541 3925 660 4006 catur,
678 3912 888 3986 Statuimus
905 3936 1210 4009 unumquemque

114 4027 254 4102 dehere
271 4026 473 4101 Pastorem
490 4051 600 4101 suum
617 4026 832 4119 convenire,
849 4026 1005 4123 ejusque
1023 4026 1095 4100 hac
1113 4026 1152 4099 in
1168 4050 1210 4101 re

108 4141 293 4239 judicium
307 4153 519 4238 expectare.
571 4139 851 4236 Monemusquc
864 4139 1095 4213 venerabiles
1111 4140 1211 4214 Con-

113 4257 247 4330 fratres
265 4268 415 4329 nostros
434 4266 488 4347 ut,
504 4255 567 4329 ubi
585 4254 699 4351 exigit
724 4254 846 4352 gravis
865 4277 995 4344 causa,
1012 4278 1099 4326 cum
1117 4255 1209 4351 ipsis

117 4372 336 4469 dispensent
361 4370 397 4443 in
424 4369 606 4443 festorum
631 4368 907 4462 observatione,
929 4367 1059 4441 relicta
1083 4380 1211 4443 tamen
