2820 5010
540 350 793 462 ritorrnorsns
820 409 868 460 ιν.
1182 385 1251 459 191

152 807 318 862 1³8less
344 807 591 862 Drsrnnsnsro
619 807 743 863 sursit
769 807 971 859 PRAECEPTO
1001 805 1259 859 casamariam

220 926 284 976 ms
304 926 472 997 assam,
488 925 536 977 ET
554 925 626 978 PRO
645 925 790 977 vrolrtrl
808 924 921 975 ANNIS
938 923 1193 977 consumam

155 1129 415 1206 Sancrrssnrs
434 1129 583 1224 Prinna,

228 1274 265 1351 B
285 1300 421 1376 graves
438 1277 575 1375 quibus
592 1277 766 1352 laborant
781 1274 938 1350 Fideles
955 1274 1089 1350 harum
1106 1274 1261 1350 Provin-

254 1390 399 1468 ciarum
420 1392 556 1469 incolae
573 1391 827 1486 difficultates,
843 1414 1033 1467 concessa
1048 1402 1120 1485 cst,
1136 1391 1261 1490 Apos-

157 1504 282 1582 tolicas
300 1505 416 1583 Sedis
433 1506 675 1607 indulgentia,
688 1504 920 1606 dispensatio
933 1505 983 1581 ad
1001 1504 1263 1580 decenniumi

158 1618 243 1720 logo
259 1620 498 1697 abstinentias
514 1620 670 1721 singulis
688 1620 868 1714 sabbatis,
883 1619 922 1693 in
939 1618 1074 1717 quibus
1089 1619 1262 1718 jejunan-

159 1733 249 1808 dum
273 1759 353 1810 non
376 1734 441 1811 sit:
467 1735 536 1810 scd
561 1734 649 1810 crim
672 1734 809 1810 eadam
826 1733 952 1809 adhuc
970 1733 1045 1808 sint
1069 1734 1262 1833 adjuncta,

159 1849 390 1945 censuimus,
408 1849 447 1923 in
473 1848 649 1925 Concilio
675 1847 902 1924 Provinciali
928 1847 1162 1949 congregati,
1178 1873 1263 1948 sup

158 1960 376 2059 plicandum
393 1988 479 2038 osse
498 1962 540 2037 S.
561 1962 656 2037 Sodi
673 1978 715 2037 ut
732 1961 963 2061 dispensatio
980 1961 1048 2036 fiat
1068 1973 1263 2061 perpetua,

158 2077 367 2174 pracsertim
383 2077 471 2154 crim
497 2079 543 2153 aa
565 2078 711 2152 ratione
734 2077 881 2154 facilior
895 2077 1077 2152 reddatur
1093 2077 1262 2153 Acatho

159 2189 318 2267 iiocrum
331 2191 382 2266 ad
398 2190 618 2268 Ecclesiam
631 2191 784 2268 reditus.
838 2191 957 2273 Quod
974 2190 1023 2266 dc
1038 2190 1262 2268 Sanctitatis

160 2303 309 2381 Vestras
324 2305 508 2406 sapientia
524 2319 564 2382 st
580 2306 698 2407 gratia
715 2305 902 2381 humiliter
919 2329 1128 2405 speramus.

208 2448 420 2547 satamon,
434 2452 485 2526 24
501 2449 597 2525 nas
616 2453 723 2525 rsao.

162 2788 213 2841 ΕΣ
234 2787 444 2841 sunnonis
467 2789 716 2860 canonisatio,
732 2788 872 2840 unam
896 2789 961 2841 ms
1032 2787 1262 2840 NOVEMBRIS.

233 2992 315 3070 ΠΜ
342 2994 476 3069 ssno
501 2994 551 3068 D.
569 2993 618 3068 N.
637 2994 842 3070 Gnsconro
867 2993 1004 3069 Divina
1023 2991 1266 3069 Providentia

258 3106 339 3182 ΡΡ.
357 3107 455 3183 XVI
476 3107 636 3182 relatam
653 3107 765 3182 fucrit
785 3105 878 3181 RR.
898 3106 980 3182 ΡΡ.
998 3107 1089 3182 DD.
1107 3107 1266 3182 Archia·

162 3219 361 3320 pisccpum
388 3220 705 3296 Baltimorcnsem
733 3234 770 3294 et
801 3220 1018 3322 Episcopos
1049 3222 1266 3299 Foederatae

163 3334 354 3411 Amoricae
371 3334 700 3435 septentrionalis,
716 3333 754 3408 in
776 3333 937 3433 Synodo
955 3338 1087 3435 quarta
1111 3335 1266 3412 Provin-

162 3448 250 3525 ciali
275 3448 556 3543 Baltimorensi,
581 3475 713 3524 menso
739 3448 847 3526 Maio
875 3474 976 3526 anno
1006 3454 1103 3526 1840
1128 3450 1267 3548 habita,

162 3574 430 3663 congregatos,
453 3564 607 3663 petiisse
629 3564 896 3662 Apostolicum
920 3563 1112 3641 Indultum
1139 3591 1266 3666 proro

163 3678 257 3779 gari,
268 3704 345 3778 quo
362 3703 594 3756 concessum
610 3692 671 3755 est
687 3679 783 3755 utin
800 3679 845 3754 iis
863 3679 1074 3757 Provinciis
1092 3680 1152 3757 dic
1171 3683 1267 3758 Sais

163 3793 253 3888 bati,
273 3795 427 3891 quando
452 3806 683 3895 praeceptum
703 3794 837 3894 jejunii
860 3820 939 3871 non
962 3796 1117 3896 obligat,
1133 3796 1267 3872 duran-

162 3907 262 3984 tibus
279 3908 585 4004 circumstantiis,
601 3909 822 4007 dispensare
843 3909 1026 4009 Episcopi
1044 3911 1190 4008 possint
1208 3937 1267 3987 su·
1370 3966 1389 4005 0

163 4046 231 4119 por
248 4034 440 4123 praecepto
458 4023 694 4099 abstinentias
710 4025 758 4098 ab
776 4048 845 4099 esu
862 4025 1050 4117 camium3
1071 4025 1266 4101 Sanctitas
1359 4118 1363 4125 ι

165 4137 248 4212 Sua
269 4137 309 4213 in
331 4139 520 4214 audientia
537 4139 598 4214 die
621 4144 671 4214 22
696 4139 923 4215 Novembris
947 4143 1056 4234 1840,
1072 4140 1162 4214 mihi
1183 4143 1268 4216 sub-

164 4252 306 4351 scripto
331 4253 373 4329 S.
393 4254 711 4355 congregationis
729 4256 777 4329 dc
801 4255 1055 4354 Propagandi
1077 4254 1175 4329 Fide
1198 4255 1267 4328 Se-

163 4368 326 4445 crotario
343 4369 492 4466 tributi,
507 4381 758 4446 memoratum
776 4369 948 4469 superins
969 4369 1174 4463 Indultum‚
1191 4394 1266 4445 ser·
