2820 5010
203 344 255 418 46
495 371 708 422 conclarum
733 369 1020 422 amriuomnsa

255 544 366 621 VIII.
402 547 691 622 Consulendum
709 546 912 645 episcopis,
927 556 970 619 ut
993 544 1032 619 in
1049 544 1129 619 s'uis
1148 543 1315 640 quisque

205 660 431 735 dioecesibus
466 686 582 735 unum
616 673 682 735 aut
724 660 849 759 plures
889 660 1112 734 sacerdotes
1147 655 1318 732 scientia

204 775 406 873 theologis
430 773 598 873 insignes
616 774 828 874 designent,
844 773 908 869 qui
925 771 1088 847 examini
1104 770 1316 870 subjiciant

205 887 320 961 libros
346 912 515 985 precum,
532 900 597 962 aut
622 888 729 962 aliter
749 887 799 961 ad
824 885 1042 984 religionem
1059 885 1316 984 pertinentes,

205 1001 423 1098 priusquam
456 1003 504 1075 ab
532 1001 722 1076 ordinario
755 1011 822 1075 aut
854 999 992 1074 vicario
1026 999 1108 1097 ejus
1137 997 1314 1098 generali

205 1115 478 1213 approbatione
504 1115 675 1190 fidelibus
702 1115 1025 1190 commendentur.
1077 1112 1311 1211 Optandum

205 1228 320 1302 etiam
347 1242 388 1303 ut
420 1229 545 1327 praxis
574 1229 733 1304 aliorum
763 1252 875 1326 quarn
910 1226 1103 1302 Ordinarii
1136 1226 1223 1302 loci·
1246 1226 1312 1302 ubi

206 1341 422 1439 hujusmodi
455 1341 537 1416 libri
570 1341 709 1440 publici
736 1342 831 1441 juris
861 1341 969 1435 fiunt,
993 1339 1314 1440 approbationem

206 1455 359 1555 petendi
377 1455 416 1530 in
432 1456 721 1532 desuetudinem
737 1457 860 1531 abeat.

254 1682 324 1757 IX.
360 1682 421 1757 Ne
455 1682 677 1757 sacerdotes
711 1682 796 1781 vagi
825 1694 864 1757 et
896 1681 1015 1782 ignoti
1047 1681 1159 1757 nimis
1193 1682 1312 1758 facile

204 1800 450 1874 admittantur
474 1799 524 1874 ad
549 1822 660 1873 sacra
677 1823 833 1872 munera
858 1800 1035 1873 obeunda
1051 1824 1140 1874 cum
1165 1799 1311 1875 anima·

203 1938 287 1987 rum
300 1913 481 2010 periculo,
492 1915 667 1988 nolumus
681 1913 901 1987 sacerdotes
916 1938 963 1988 er
980 1913 1139 2011 Europa
1155 1914 1313 1988 adveni·

205 2038 314 2099 entes
341 2027 378 2099 in
396 2026 539 2102 clerum
564 2039 735 2101 nostrum
760 2027 947 2125 cooptari,
962 2027 1034 2101 nisi
1058 2026 1191 2101 litteris
1221 2052 1311 2102 suo

205 2163 288 2213 rum
306 2141 571 2239 episcoporum
597 2141 697 2240 prius
724 2139 861 2234 missis,
878 2165 1107 2216 consensum
1132 2140 1311 2240 episcopi

205 2253 243 2327 in
269 2254 377 2352 cujus
404 2255 598 2330 dioecesim
624 2254 783 2328 transire
808 2254 1038 2348 desiderant,
1062 2254 1308 2330 obtinuerint

254 2481 303 2558 X.
339 2482 462 2557 Valde
489 2482 640 2580 expedit
674 2482 864 2557 districtus
891 2482 1175 2559 ecclesiasticos
1206 2483 1310 2558 intra

207 2610 335 2673 certos
361 2597 495 2670 limites
515 2597 736 2695 designare3
761 2621 911 2671 necnon
937 2600 1086 2696 regulas
1113 2599 1161 2672 de
1180 2623 1311 2673 sacer-

207 2713 338 2787 dotum
357 2711 617 2811 jurisdictione
636 2712 922 2810 privilegiisque,
939 2713 1161 2806 ordinarios,
1177 2738 1311 2809 quam·

208 2826 368 2923 primum
385 2826 464 2899 fieri
482 2840 621 2919 potest,
639 2825 795 2899 sancire.
848 2827 935 2900 Hos
954 2840 1081 2900 tamen
1099 2827 1310 2923 districtuS,

207 2942 417 3014 secundum
443 2964 567 3013 rerum
585 2941 764 3038 adjuncta
781 2941 950 3038 episcopi
968 2955 1113 3015 mutare
1131 2956 1310 3039 possunt,

206 3065 394 3127 eteorum
412 3066 471 3127 est
497 3054 650 3127 definire
677 3079 834 3150 quarum
852 3055 1100 3129 ecclesiarum
1126 3059 1310 3131 sacerdo-

204 3168 302 3242 tibus
320 3169 402 3242 hare
420 3192 577 3241 munera
593 3193 660 3265 pro
679 3180 848 3266 tempore
866 3169 1017 3243 adnecti
1036 3170 1211 3244 debeant.

253 3397 323 3471 XI.
361 3399 543 3471 Statuunt
560 3397 695 3470 Patres
714 3397 751 3469 in
769 3398 941 3471 omnibus
960 3397 1092 3472 harum
1110 3398 1307 3476 Provinci-

207 3536 313 3585 arum
332 3511 571 3602 dioecesibuS,
587 3522 674 3607 post
699 3510 797 3583 festa
814 3511 1010 3607 paschalia
1026 3513 1115 3585 anni
1132 3515 1306 3610 proxime

206 3625 363 3716 venturi,
397 3624 532 3697 Banna
572 3624 892 3698 matrimoniorum
934 3626 1162 3722 publicanda
1204 3654 1305 3705 esse.

208 3737 431 3812 Ordinatios
466 3763 554 3811 vero
590 3738 784 3811 hortantur
818 3750 859 3811 ut
892 3764 941 3812 ne
975 3739 1048 3814 hac
1078 3741 1115 3813 in
1150 3766 1205 3836 re,
1232 3744 1306 3819 nisi

206 3851 433 3951 gravissimis
460 3853 507 3924 de
525 3851 663 3944 causis,
680 3852 908 3950 dispensent.

257 4081 347 4156 XII.
382 4081 568 4156 Maneant
585 4081 754 4180 episcopi
779 4084 999 4157 sacerdotes
1018 4108 1147 4158 curam
1166 4087 1307 4160 anima·

208 4220 290 4267 rum
325 4208 559 4288 exercenteS,
583 4208 625 4269 ut
657 4195 878 4271 institutioni
906 4198 1112 4294 juventutis
1141 4199 1181 4276 iu
1216 4202 1307 4276 doc·

206 4309 304 4384 trina
337 4306 542 4384 christiana
574 4335 642 4406 per
671 4335 713 4385 sc
744 4334 900 4409 operam
935 4313 1037 4408 dent,
1062 4338 1135 4389 nec
1171 4329 1307 4414 putent
