2820 5010
543 422 803 475 -rnovrncmna
830 424 853 473 ι.
1202 401 1251 474 53

201 600 359 676 Interim
389 599 596 674 distributae
624 598 775 675 fuerant
803 598 1128 694 declamationes,
1157 621 1252 697 quar

153 716 281 790 statim
310 714 413 788 finita
441 715 620 813 praedicti
649 713 850 807 Oratione,
876 724 1078 789 cantarunt
1107 736 1254 807 omnes,

153 828 357 927 Episcopis
375 829 562 903 stantibus
579 854 667 904 oum
685 827 814 902 mitris.

517 1027 887 1089 ACCLAMATIONES.

201 1154 520 1229 droht'diaoonua.
548 1153 632 1228 Soli
642 1154 731 1228 Deo
743 1152 865 1227 honor
878 1165 917 1228 et
934 1153 1053 1253 gloria
1063 1154 1101 1228 in
1113 1153 1254 1229 saecula

156 1262 392 1343 saecuiorum.

208 1382 369 1458 Chorus.
401 1382 622 1458 Laudamus
657 1394 709 1476 te,
738 1381 917 1476 Domine,
946 1381 1010 1479 qui
1042 1381 1253 1457 illuminans

153 1497 370 1573 mirabiliter
387 1499 408 1573 a
425 1499 614 1574 montibus
632 1498 795 1592 aetemis,
812 1522 963 1572 sacrum
987 1497 1077 1572 illud
1100 1497 1255 1573 Provin-

154 1613 250 1688 oiale
269 1615 483 1689 Concilium
500 1615 550 1689 ad
568 1626 740 1712 optatum
758 1614 899 1688 exitum
915 1613 1008 1688 miri
1023 1612 1254 1712 benignitate

154 1728 377 1825 perduxisti:
407 1729 473 1803 tibi
502 1728 597 1823 laus,
625 1728 691 1802 tibi
722 1740 892 1826 potestas
923 1739 963 1802 et
991 1727 1187 1826 imperium
1216 1728 1254 1805 in

154 1844 348 1938 seculum,
365 1857 404 1919 et
421 1870 542 1942 usque
560 1845 598 1918 in
616 1844 797 1919 saeculum
816 1842 955 1919 saeouli.

201 1960 357 2035 Arahtu
388 1959 616 2034 Beatissimo
644 1959 812 2034 Domino
838 1971 969 2033 nostro
997 1958 1087 2053 Pro,
1111 1970 1256 2034 sanotae

154 2073 373 2150 universalis
391 2073 580 2149 Ecclesiae
596 2072 774 2149 Pontifici
790 2071 975 2166 Maximo,
988 2073 1093 2147 multi
1110 2072 1198 2147 anni
1215 2083 1255 2147 et

154 2201 296 2264 {eterna
313 2189 505 2265 memoria.

207 2303 367 2379 Chorus.
386 2303 552 2378 Domine
566 2302 688 2396 Deus,
702 2301 995 2378 Sanctissimum
1008 2301 1164 2377 Patrem
1173 2302 1256 2379 'diu-

154 2416 296 2494 tissime
315 2417 505 2496 Ecclesiae
521 2429 596 2493 tuoe
612 2441 810 2511 conserva,
826 2418 966 2492 multos
984 2441 1116 2491 annos.

203 2534 358 2608 meatu
389 2533 725 2608 Reverendissimo
756 2532 924 2607 Domino
951 2532 1255 2631 Archiepiscopo

154 2646 434 2743 Baltimorensi,
443 2649 507 2747 qui
520 2650 594 2723 hoc
610 2648 822 2724 Concilium
837 2648 1052 2742 celebravit,
1063 2673 1150 2723 cum
1164 2650 1256 2724 mul·

153 2761 202 2837 tis
220 2762 328 2837 annis
346 2786 493 2861 magnae
510 2762 648 2861 gratim.

209 2876 368 2951 Chorus.
400 2876 555 2975 Magnae
588 2876 733 2975 gratiae:
767 2876 955 2951 Dominus
988 2876 1183 2971 retribuat,
1216 2887 1255 2952 et

154 3014 243 3064 eum
260 2991 298 3065 in
315 2990 454 3065 multos
473 3015 594 3065 annos
613 2990 801 3065 Ecclesiae
818 3016 897 3065 suae
914 3003 1125 3066 conservet.

203 3107 358 3180 droht'd
387 3106 730 3181 Reverendissimis
760 3105 978 3203 Episcopis,
1007 3105 1070 3203 qui
1099 3105 1150 3179 ad
1179 3106 1254 3182 hoo

155 3220 370 3308 Concilium
382 3222 651 3297 celebrandum
663 3232 922 3313 accesserunt,
931 3245 1090 3320 magnas
1102 3221 1253 3320 gratias.

209 3335 369 3411 Chorus.
396 3337 740 3411 Reverendissimis
752 3335 926 3410 Dominis
938 3335 1142 3435 Episcopis
1154 3362 1256 3438 mag·
1288 3393 1290 3398 -

153 3474 214 3524 nae
230 3451 373 3549 gratim,
389 3451 476 3544 vita,
493 3462 532 3525 et
548 3451 635 3525 felix
653 3453 702 3524 ad
721 3448 919 3525 Ecclesiae
938 3474 1027 3524 suas
1044 3451 1199 3526 reditus.

202 3565 357 3639 archid.
388 3565 423 3639 F
425 3565 584 3640 ideiibus
618 3564 830 3639 Provinciae
858 3578 1012 3659 nostrae,
1041 3578 1080 3640 et
1114 3567 1253 3664 populo
1345 3568 1352 3583 “

155 3679 373 3754 Christiano
390 3680 578 3774 universo,
594 3704 668 3778 pax
687 3680 829 3755 Christi
846 3692 997 3755 aeterna.

209 3793 370 3869 Chorus.
398 3794 490 3868 Vias
514 3807 613 3887 tuas,
642 3795 822 3889 Domine,
847 3795 1068 3869 demonstra
1096 3795 1186 3888 illis;
1216 3807 1256 3870 et

154 3910 272 4011 dirige
295 3936 362 3986 eos
386 3911 423 3986 in
441 3912 598 3986 veritate
621 3914 696 4005 tui,
713 3925 754 3986 ut
778 3936 855 3986 non
879 3912 1147 3987 obliviscantur
1167 3937 1255 4011 ope

155 4050 239 4101 rum
257 4025 456 4119 Altissimi,
474 4039 512 4099 et
529 4026 710 4100 mandata
726 4026 808 4124 ejus
827 4025 1034 4123 exquirant.

202 4140 357 4214 Arcitid.
390 4139 464 4213 His
495 4138 658 4213 decretis
689 4139 928 4232 inhaerentes,
958 4140 1254 4216 misericordiam

153 4253 230 4328 Dei
248 4253 544 4352 Omnipotentis,
561 4264 600 4327 et
617 4254 774 4352 gratiam
792 4254 919 4354 magni
937 4267 976 4329 et
993 4255 1100 4353 primi
1119 4257 1255 4331 Sacer-

153 4368 253 4443 dotis
280 4368 357 4444 Dei
383 4381 422 4443 et
448 4367 604 4442 Domini
628 4368 749 4442 nostri
772 4368 872 4443 Jnsu
896 4369 1074 4464 Cumani,
1096 4368 1254 4445 interce

154 4485 268 4558 dente
298 4484 472 4559 inviolati
502 4497 542 4558 et
571 4484 807 4559 sanctissimi
837 4484 913 4559 Dei
942 4484 1083 4577 Matre,
1110 4484 1254 4560 sanctis
