2820 5010
154 344 199 410 10
383 379 390 387 -
437 362 647 413 concrnruu
675 361 961 411 nnnrruonnnsn

200 537 342 612 Tertiae
360 537 668 637 congregationi,
684 537 792 634 cujus
810 537 881 611 erit
893 535 941 611 de
955 548 1064 610 recta
1074 537 1252 635 juventu-

150 651 198 724 tis
216 650 460 743 institutione,
477 663 515 725 et
533 651 580 725 de
598 650 822 749 quibusdam
847 650 928 724 aliis
954 674 1082 749 agere,
1099 648 1251 749 praecrit

152 763 324 838 Revmus
336 778 375 838 et
386 764 517 838 Illffius
529 764 579 837 D.
591 763 913 861 Archiepiseopus
928 761 1252 854 Cincinnatensis‚

151 878 432 975 intereruntque
446 878 586 952 Revfni
600 877 689 953 DD.
701 877 985 971 Natchetensis,
998 877 1249 976 Vehelingen·

153 991 218 1085 sis,
235 992 476 1086 Albanensis,
493 991 744 1090 Montisregii,
768 990 1108 1086 Richmondensis,
1125 989 1250 1065 Phila·

154 1105 393 1205 delpbiensis.

204 1219 364 1302 Quartae
388 1220 694 1319 Congregationi,
711 1220 759 1294 de
784 1220 903 1295 sacris
927 1219 1071 1312 ritibus,
1101 1218 1246 1318 praeerit

153 1324 326 1409 Renibus
345 1348 384 1409 et
407 1335 539 1410 Illmus
565 1335 614 1408 D.
635 1334 956 1432 Archiepiscopus
973 1332 1248 1433 Oregoncnsis,

155 1448 434 1547 intereruntque
453 1449 592 1523 Revffri
609 1448 698 1522 DD.
713 1448 996 1546 Dubuquensis,
1012 1445 1245 1522 Galvestoni·

154 1563 268 1656 ensis,
285 1562 585 1661 chieaginensis,
602 1561 871 1657 Savannensis‚
887 1561 1174 1636 Messeniensis.
1271 1622 1277 1649 ,

205 1676 361 1759 Quintae
379 1675 686 1776 congregationi,
703 1678 751 1751 de
769 1677 1044 1776 gravaminibus
1062 1688 1101 1750 et
1119 1698 1244 1773 quere

156 1791 213 1885 lis,
231 1792 379 1890 praeerit
395 1791 567 1866 Revr‘nus
585 1803 624 1865 et
641 1791 772 1865 Illnlus
799 1792 847 1865 D.
867 1790 1084 1889 Episcopus
1101 1789 1245 1864 Mobili-

155 1907 270 2000 ensis,
293 1906 574 2004 intereruntque
601 1906 740 1980 Revni
764 1905 855 1980 DD.
876 1906 1058 2000 Zelanus,
1081 1904 1245 1979 Natcbc

155 2021 285 2112 tensis,
305 2019 639 2112 Milwauehiensis,
655 2018 958 2114 Vehelingensis,
975 2018 1246 2116 carolopolita·

155 2157 239 2225 nus,
257 2132 589 2207 clevelandiensis.

206 2247 531 2345 congregationes
549 2246 608 2321 hae
624 2245 869 2343 particulares
886 2245 931 2321 iis
948 2241 1181 2346 temporibus
1198 2246 1247 2320 lo

156 2360 286 2456 cisque
312 2359 559 2454 habebuntur,
579 2385 664 2457 quae
687 2358 860 2434 Praelatis
885 2359 977 2460 ipsis
1002 2360 1125 2460 magis
1149 2385 1248 2436 com-

156 2473 270 2547 moda
295 2468 414 2547 erunt.

206 2586 389 2669 Quotidie
407 2611 508 2680 vero,
533 2586 627 2661 hora
647 2592 688 2659 ll
710 2588 759 2660 A.
778 2586 833 2660 Μ.
860 2587 1087 2662 convenient
1110 2587 1247 2661 Patres

77 2740 82 2751 .
158 2725 289 2774 omnes
317 2700 355 2772 in
380 2700 556 2794 ecclesia,
579 2701 641 2774 ubi
664 2714 750 2798 post
778 2700 1054 2775 invocationem
1086 2701 1248 2799 Spiritus

157 2814 291 2905 saneti,
308 2825 347 2887 et
364 2813 571 2887 orationem
595 2838 619 2886 a
644 2815 815 2911 praeside,
839 2814 1175 2912 ArchiepiscopuS,
1192 2816 1248 2888 vel

156 2928 251 3001 alius
270 2928 584 3026 congregationis
603 2928 834 3026 particularis
857 2953 1009 3026 pressea,
1026 2929 1159 3003 ordine
1177 2952 1250 3002 ser·

158 3054 257 3135 vato,
274 3041 411 3115 reseret
428 3067 475 3115 ea
492 3066 575 3138 quae
592 3042 671 3114 visa
689 3042 824 3116 suerint
849 3042 1048 3140 plerisque,
1066 3057 1106 3116 et
1123 3044 1249 3117 decre

157 3170 236 3231 tum
255 3168 497 3254 proponetur,
513 3156 584 3229 nisi
610 3157 744 3254 praesul
767 3157 899 3253 aliquis
918 3181 1078 3230 eramen
1096 3157 1250 3231 ulterius

157 3272 372 3345 habendum
390 3271 641 3368 postulaverit.
695 3271 795 3351 Quae
818 3281 993 3367 spectant
1011 3270 1172 3345 Sedium
1189 3296 1251 3344 no

159 3411 286 3460 varum
305 3385 547 3476 erectionem,
564 3397 603 3457 et
626 3384 919 3459 nominationem
946 3386 1189 3460 sacerdotum
1214 3385 1249 3458 in

158 3502 372 3600 episcopoS,
389 3498 483 3572 hora
503 3500 834 3572 retractabantur.

208 3614 429 3711 Theologes
455 3637 477 3684 a
503 3612 660 3711 propriis
690 3612 891 3709 episcopis,
909 3623 950 3685 ut
968 3612 1250 3710 congregationi

159 3727 373 3827 particulari
398 3727 509 3801 alicui
538 3725 721 3817 intersint,
745 3726 889 3799 invitari
916 3727 1022 3817 licet,
1048 3750 1251 3825 congrega·

158 3842 319 3917 tionibus
334 3853 460 3914 autem
479 3839 713 3938 generalibus
732 3839 882 3936 privatis
901 3839 1058 3913 Patrum
1076 3840 1148 3912 soli
1163 3839 1251 3912 offi-

159 3957 273 4031 ciales
293 3953 467 4047 concilii,
492 3967 627 4051 praeter
652 3954 802 4045 Patres,
819 3953 958 4028 adsint:
984 3954 1099 4027 immo
1118 3954 1251 4027 axillis

159 4070 307 4144 nonnisi
333 4067 513 4142 Notarius
540 4080 578 4141 et
606 4067 702 4141 Rev
725 4068 773 4142 D.
793 4066 1008 4162 Prometor,
1026 4068 1179 4164 quando
1204 4068 1251 4141 de

161 4184 319 4259 Sedium
345 4184 548 4275 erectione,
572 4196 636 4256 aut
664 4182 851 4279 episcopis
879 4182 1116 4258 nominandis
1144 4205 1252 4280 agen

162 4302 251 4374 dum
269 4298 347 4371 erit.
