2820 5010
162 395 234 465 104
445 414 658 465 concinium
683 412 974 463 snurruonsnss

156 615 261 684 nere,
275 589 598 688 Archiepiscopus
616 589 697 687 ipse
715 589 764 663 ad
781 587 999 687 Episcopos
1016 611 1152 661 omnes
1169 584 1251 661 scri

156 707 235 799 bot,
259 716 414 801 tresque
440 703 659 798 nominabit,
686 704 734 778 de
762 704 896 800 quibus
924 701 1111 803 Episcopi
1134 701 1186 776 ad
1212 699 1251 775 S.

157 819 503 918 congregationem
524 843 614 893 suas
633 819 839 892 sententias
857 827 1059 916 exponent.
1127 852 1130 857 ·

205 935 251 1010 In
268 934 471 1034 seligendis
489 946 615 1009 autem
641 933 914 1008 Sacerdotibus
932 934 982 1007 ad
1004 940 1154 1007 tantum
1178 952 1253 1029 gru·

156 1049 246 1123 dum
268 1048 532 1147 provehendis,
547 1060 752 1145 sequentes
775 1048 927 1146 regulas
951 1071 1030 1145 prae
1046 1045 1170 1122 oeulis
1194 1044 1253 1119 bu·

154 1164 298 1239 bendas
316 1173 546 1238 censuerunt
563 1162 717 1238 Patres:

203 1277 306 1353 Nulli
329 1276 528 1377 Episcopo
547 1276 663 1351 invito
681 1275 848 1351 dandum
865 1300 953 1350 esse
970 1273 1255 1372 Coadjutorem,

154 1392 225 1467 nisi
248 1392 479 1491 collegarum
496 1390 642 1489 judicio
667 1391 710 1464 S.
729 1390 824 1465 Sodi
847 1392 1021 1488 probato,
1040 1389 1124 1488 ipse
1146 1387 1254 1487 Epis·

154 1532 275 1606 copus
297 1506 379 1604 jam
401 1505 551 1580 nonsit
578 1504 748 1605 regimini
774 1505 953 1598 idoneus3
979 1505 1253 1603 Coadjutorem

154 1632 281 1696 autem
300 1620 441 1694 debere
462 1621 510 1693 ab
534 1619 730 1718 Episcopo
749 1619 811 1695 cui
834 1620 945 1694 datur
962 1618 1081 1717 seligi,
1097 1616 1253 1713 collegis

154 1733 465 1810 assentientibus:
482 1733 624 1808 idcirco
640 1733 794 1808 nomina
810 1733 882 1807 tria
898 1757 1043 1827 eorum,
1055 1758 1104 1809 ex
1121 1731 1253 1830 quibus

154 1848 372 1947 Episcopus
392 1848 666 1946 Coadjutorem
691 1848 904 1948 eligendum
923 1849 1014 1942 vult,
1031 1847 1080 1921 ad
1099 1845 1254 1922 Arcbie

154 1962 353 2061 piscopum
371 1974 411 2036 et
431 1962 648 2061 Episcopos
666 1974 831 2055 ceteros,
847 1974 887 2036 et
903 1963 953 2037 ad
975 1962 1017 2036 S.
1037 1962 1254 2060 Congrege-

153 2076 296 2153 tionem
312 2076 551 2151 transmittet.
589 2077 634 2151 Si
651 2089 778 2151 autem
796 2077 894 2151 intra
909 2089 987 2151 tres
1001 2086 1256 2174 menses-post

154 2190 337 2292 Episcopi
361 2191 518 2285 obitum,
535 2190 749 2265 Concilium
775 2190 1012 2265 Provinciale
1039 2191 1255 2267 habendum

155 2304 216 2399 sit,
233 2304 513 2404 expectandum
530 2304 600 2378 en't
617 2305 740 2380 donec
765 2304 901 2379 Patres
919 2304 1178 2398 convenerint,
1193 2328 1256 2381 au

155 2419 308 2516 tequam
325 2421 375 2495 ad
393 2420 435 2493 S.
455 2419 801 2518 Congregationcm
818 2418 1013 2493 scribatur.

203 2534 249 2609 V.
277 2535 520 2609 Censuemnt
545 2534 682 2608 Patres
709 2533 820 2607 saluti
844 2532 1027 2607 Indorum
1044 2533 1124 2631 (qui
1147 2546 1255 2609 extra

154 2648 375 2724 Provincias
401 2649 626 2722 Foedemtas
649 2659 688 2721 et
711 2647 920 2721 Territon'a
938 2648 1020 2745 jam
1043 2646 1255 2747 designata,

154 2776 269 2861 atque
286 2764 452 2838 omnium
471 2788 554 2859 quoe
572 2761 755 2836 hactcnlts
773 2775 913 2836 erectae
929 2772 1017 2835 sunt
1034 2761 1253 2837 dioecescon

154 2877 303 2972 limites,
319 2877 575 2953 constituendi
598 2888 686 2951 sunt
703 2901 751 2950 ex
768 2876 883 2950 civilis
907 2877 1106 2973 potestatis
1125 2888 1253 2952 aucto

153 2992 279 3089 ritate)
305 2991 623 3091 prospiciendum,
640 3015 771 3064 eorum
796 3014 927 3065 curam
954 2989 1141 3065 Societati
1157 2990 1253 3065 Jesu

155 3107 437 3181 demandando:
472 3116 700 3203 quapropter
731 3104 772 3177 S.
806 3104 949 3178 Sedem
979 3103 1251 3202 implorandam

153 3222 353 3313 duxerunt,
369 3235 412 3295 ut
429 3221 511 3295 haec
529 3220 565 3293 ei
582 3218 717 3292 Missio
735 3220 997 3293 concredatur.

202 3334 268 3409 VI.
295 3335 499 3434 Nigrorum
526 3334 638 3409 etiam
670 3333 875 3424 hominum,
900 3333 963 3430 qui
992 3333 1029 3407 in
1060 3332 1251 3408 Liberium

154 3450 295 3524 Africae
325 3449 513 3523 coloniam
539 3474 586 3523 ex
617 3448 673 3521 his
705 3447 917 3546 regionibus
944 3448 1117 3546 migrant,
1141 3449 1252 3524 saluti

154 3563 291 3637 Patres
314 3563 588 3637 consulendum
606 3563 804 3654 ducenteS,
820 3561 1082 3658 Apostolicam
1107 3562 1251 3637 Sedem

153 3677 366 3776 supplicant
383 3689 424 3750 ut
448 3677 575 3750 missio
600 3676 637 3750 in
656 3701 739 3751 eam
764 3676 958 3776 regionem
976 3677 1045 3749 sub
1064 3678 1154 3750 card
1179 3675 1250 3751 Pa·

153 3806 251 3867 trum
270 3791 476 3867 Societatis
493 3790 520 3863 J
522 3816 589 3865 esu
607 3792 829 3866 instituatur.

202 3907 289 3982 vll.
317 3906 477 3981 Revr‘nis
489 3906 692 4005 Episcopis
705 3907 746 3979 S.
760 3904 1250 3981 LudovicietBostoniensi

153 4047 287 4096 munus
314 4022 335 4095 b
360 4021 535 4096 Patribus
554 4021 822 4095 demandatum
848 4032 907 4093 est
930 4020 1195 4114 concinnandi,
1211 4033 1250 4095 et

153 4137 262 4234 hujus
278 4136 438 4211 Concilii
451 4136 602 4209 nomine
617 4148 655 4208 ot
668 4135 906 4228 auctoritato,
918 4135 955 4208 in
973 4136 1098 4209 lucem
1112 4135 1248 4211 edendi

151 4250 316 4325 Ritualis
335 4250 502 4325 Romani
521 4262 738 4325 accuratam
757 4250 973 4342 editionem,
986 4274 1137 4324 necnon
1154 4250 1249 4351 ejus·

152 4369 239 4442 dom
256 4368 368 4443 breve
383 4367 574 4464 exemplar
591 4365 629 4440 in
645 4390 755 4440 usum
772 4364 1118 4458 Missionariorum3
1134 4378 1247 4464 atque
