2820 5010
149 377 199 447 44
439 398 652 449 concruruu
679 398 967 448 rnurrnonansa

202 573 396 655 Quoniam
414 574 501 648 vero
525 576 668 672 absque
687 574 804 650 civilis
827 572 1028 673 potestatis
1046 571 1260 664 sanctione,

152 687 330 764 Societas
358 688 422 764 illa
448 690 508 764 vix
536 690 758 765 coalescere
786 703 852 765 aut
879 690 1085 789 perdurare
1114 699 1259 788 posset,

151 804 350 879 statuimus
364 804 556 904 supplices
575 805 717 880 litteras
732 806 782 880 ad
800 807 987 881 Senatum
1005 803 1258 902 Marylandia

151 917 411 1017 porrigendas,
423 932 465 992 ut
483 918 720 993 Societatem
738 919 837 994 hanc
855 918 1034 1016 tanquam
1051 917 1258 1018 legitimam

152 1045 350 1132 agnoscat,
367 1032 641 1131 privilegiisque
663 1032 859 1107 consuetis
881 1032 920 1107 in
943 1032 1152 1107 litterarum
1177 1056 1259 1130 pro·

151 1145 295 1222 fectum
330 1147 456 1222 donet„
510 1146 723 1222 Statnimus
759 1147 875 1222 etiam
909 1148 1038 1222 omnia
1070 1147 1260 1238 facienda,

153 1284 238 1359 quae
262 1262 312 1336 ad
342 1263 513 1337 edendos
544 1262 658 1337 libros
686 1262 750 1360 qui
779 1262 985 1338 necessarii
1011 1261 1079 1336 visi
1108 1261 1261 1354 fuerint,

152 1377 397 1475 requirentur.
451 1377 662 1452 Statuimus
681 1377 833 1452 demirm
852 1391 894 1451 nt
911 1376 1017 1475 operi
1034 1375 1261 1452 Christiane

153 1489 346 1591 Religioni
373 1491 469 1567 oded
495 1492 574 1567 utili
599 1493 647 1567 ab
674 1516 903 1590 unoquoque
934 1491 1101 1566 Praelato
1129 1491 1261 1566 insul

153 1605 337 1700 Dioeccsi‚
366 1608 488 1682 omnis
519 1631 612 1682 cura
642 1621 681 1682 et
715 1608 908 1707 diligentia
940 1607 1192 1706 impendatur,
1222 1617 1260 1679 ot

155 1721 250 1797 socii
267 1746 363 1819 quos
382 1734 617 1819 opportunos
629 1721 895 1820 judicaverint,
912 1721 1187 1796 adscribantur.

205 1834 306 1909 Dein
323 1835 401 1909 lata
418 1849 505 1910 sunt
522 1834 694 1909 Decreta
711 1839 760 1908 34
778 1849 817 1909 et
836 1843 868 1909 5.

207 1949 353 2024 Postea
383 1962 565 2024 statutum
595 1950 664 2023 fuit
690 1949 870 2024 Officium
902 1951 944 2024 S.
972 1948 1149 2048 Gregorii
1176 1945 1264 2039 vll,

157 2065 259 2162 quod
289 2064 427 2138 alicubi
453 2064 573 2138 omitti
599 2065 809 2157 consuevit,
833 2064 972 2162 ubique
998 2064 1036 2137 in
1067 2074 1263 2160 posterum

156 2178 394 2253 recitandum
413 2204 480 2276 per
497 2192 616 2252 totam
635 2178 885 2254 Provinciam.

377 2455 512 2515 SEXTA
535 2454 835 2516 CONGREGATIO
857 2454 1046 2514 PUBLICA.

207 2636 378 2711 Praelatis
413 2648 452 2709 et
481 2633 691 2734 Theologis
722 2634 1033 2711 convenientibus
1064 2645 1106 2707 ut
1141 2633 1266 2731 supra,

158 2751 369 2827 Decretum
385 2750 433 2824 de
449 2748 614 2824 AEdituis
632 2748 773 2824 lectum
792 2762 865 2843 est,
882 2761 921 2822 et
935 2748 1117 2845 deinceps
1137 2748 1186 2822 de
1203 2771 1266 2820 na·

159 2869 241 2941 tort
253 2861 570 2965 jurispatronatus
589 2876 727 2937 aetum.

373 3142 509 3204 SEXTA
531 3141 830 3202 CONGREGATIO
852 3141 1045 3201 PRIVATA.

209 3322 287 3397 Dra
309 3327 355 3396 10
369 3321 564 3413 Octobris,
578 3334 665 3418 post
683 3321 847 3394 Sacrum
866 3320 887 3394 i
903 3320 1057 3394 Revmo
1076 3320 1267 3395 Bardensi

160 3436 357 3535 Episcopo
376 3435 640 3533 pontificaliter
657 3437 904 3528 celebratum,
921 3436 1171 3510 decreverunt
1192 3434 1266 3509 Pa·

159 3565 252 3644 tres,
267 3562 503 3649 proponente
527 3549 681 3624 Revmo
705 3549 903 3648 Episcopo
920 3549 1122 3642 Bardensi,
1139 3548 1269 3623 Theo·

160 3668 269 3766 logos
282 3665 393 3764 hujus
407 3663 619 3740 Provinciae
632 3665 822 3764 rogandos
834 3677 876 3739 ut
890 3664 1091 3762 unicuique
1106 3663 1268 3738 Proesuli

161 3783 354 3879 exemplar
372 3780 615 3880 suppeditent
628 3805 759 3855 eorum
773 3780 998 3879 Theologiae
1013 3780 1268 3855 Tractatuum

161 3922 258 3995 quos
275 3895 396 3994 magis
414 3896 727 3970 accommodatos
745 3895 964 3971 censuerint
985 3895 1200 3994 Religionis
1218 3895 1270 3969 in·

160 4021 357 4087 cremento
388 4009 425 4083 in
456 4008 529 4084 hac
560 4009 771 4103 Provincia,
796 4010 850 4085 ita
876 4022 918 4085 ut
945 4009 1091 4085 facilius
1122 4009 1270 4107 possint

161 4123 468 4219 Praesules,ci1m
489 4130 558 4224 pe'r
574 4125 692 4201 otium
716 4126 875 4220 licuerit,
892 4151 1045 4201 cursum
1064 4124 1270 4225 Theologi-

161 4267 249 4318 cum
273 4239 463 4339 eligere,i
484 4239 708 4341 Theologiae
729 4242 954 4318 Candidatis
978 4241 1016 4315 in
1042 4240 1149 4316 hisce
1176 4240 1269 4315 Pro·

161 4357 290 4433 vinciis
309 4355 574 4431 adhibendum.
