2820 5010
551 414 801 467 rnovmemns
828 416 851 467 r.
1200 395 1245 465 ol

153 590 323 667 Octobis·
343 590 565 665 transmisso
595 592 830 689 petebantur,
856 589 1049 665 Sanctitas
1078 588 1161 665 Suu
1187 591 1250 665 be·

151 705 262 806 uigne
287 705 491 799 concessit,
513 703 830 802 quemadmodem
853 729 902 779 ex
925 704 1043 780 tribus
1068 704 1148 779 aliis
1174 704 1251 780 De·

153 820 266 896 cretis
285 819 509 918 comperies,
525 844 608 917 quae
624 819 713 893 item
731 818 788 892 his
807 818 937 893 litteris
955 818 1188 917 adjiciuntur.

201 933 344 1009 Restat
360 958 475 1026 nunc,
490 945 533 1006 ut
550 934 726 1030 suscepta
742 933 815 1007 hac
833 932 1051 1026 occasione,
1068 933 1251 1030 Amplitu-
1302 1012 1304 1017 ,

155 1047 231 1123 dini
257 1048 367 1141 Τηω,
383 1060 423 1121 et
447 1046 585 1122 ceteris
610 1046 766 1120 istarum
791 1046 1011 1122 Dioecesum
1037 1046 1253 1146 Episcopis‚

155 1164 196 1238 S.
217 1162 533 1263 Congregationis
551 1174 590 1236 et
607 1161 726 1236 SSffii
747 1162 824 1236 Dni
844 1161 975 1237 Nostri
991 1162 1155 1257 nomine,
1171 1186 1252 1261 gra·

155 1278 252 1353 tuler
278 1281 325 1352 ob
352 1277 529 1352 eximium
554 1276 643 1351 illud
671 1276 835 1351 studium
862 1276 1073 1375 Religionis
1099 1276 1252 1375 amplifi-

154 1393 288 1468 oandae
317 1417 392 1490 quo
425 1391 624 1490 praestatis,
648 1415 695 1466 ac
722 1392 771 1466 ob
796 1391 1023 1491 singularem
1049 1390 1253 1488 disciplinae

157 1506 444 1583 Ecclesiasticae
461 1505 720 1580 custodiendas
737 1528 917 1599 amorem,
934 1506 1042 1604 cujus
1059 1505 1155 1582 adel)
1172 1531 1253 1605 per-

154 1620 327 1718 spicuum
361 1619 615 1695 testimonium
650 1620 806 1694 decreta
839 1619 923 1718 ipsa
957 1619 1104 1717 Synodi
1139 1620 1252 1695 Balti·

154 1733 340 1809 morensis
369 1758 445 1832 prae
472 1759 514 1808 se
543 1733 677 1808 ferunt.
729 1731 936 1808 Pollicetur
961 1733 1048 1810 vero
1074 1735 1179 1809 vobis
1208 1733 1249 1809 S.

155 1847 412 1947 Congregatio
430 1860 469 1921 et
491 1846 683 1922 Sanctitas
703 1847 797 1941 Sua,
813 1847 917 1922 vobis
935 1848 1092 1922 consilio
1110 1860 1148 1922 et
1165 1873 1252 1923 auc·

154 1963 304 2037 toritate
322 1963 389 2035 sua
405 1961 618 2036 adfuturam
635 1961 737 2034 omni
753 1961 791 2034 in
808 1985 849 2035 re
868 1986 952 2059 quae
966 1962 1071 2036 vobis
1088 1961 1200 2056 utilis,
1212 1975 1252 2036 et

154 2075 367 2175 Religionis
385 2076 618 2150 incremento
637 2087 849 2174 opportuna
865 2100 952 2151 esse
969 2075 1115 2174 poterit.

203 2191 352 2266 Precor
368 2190 495 2265 Deum
511 2190 656 2264 interea
673 2202 714 2265 ut
731 2189 1027 2289 Amplitudinem
1044 2190 1170 2265 Tuam
1188 2190 1251 2265 diu

156 2305 339 2403 sospitem
356 2328 403 2379 ac
421 2304 571 2379 felicem
588 2317 722 2378 servet.
988 2402 991 2409 Ι
1171 2300 1174 2304 “

204 2418 344 2493 Romae
361 2443 409 2492 ex
426 2417 589 2493 AEdibus
612 2419 743 2493 Sacrae
761 2418 1076 2519 Congregationis
1094 2419 1142 2494 de
1159 2418 1251 2494 Pro

155 2533 327 2633 paganda
343 2532 431 2625 fide,
449 2531 509 2606 die
530 2536 576 2605 16
593 2531 775 2607 Octobris
797 2537 902 2607 1830.

375 2690 422 2765 Ι).
450 2690 505 2765 Μ.
534 2693 656 2766 Casu.
685 2692 1057 2789 CAPPELLARI‚
1080 2693 1200 2792 Praes.

599 2820 644 2896 C.
672 2820 938 2918 cistarciis,
964 2825 1102 2898 Secret.

482 3150 862 3168 ,ΜΛΛΛΜΜΜΛινννννΜνυ-Μηυ
869 3154 910 3165 ἰν.-

543 3391 868 3488 tutatuta

227 3616 357 3668 SACRAE
384 3616 713 3668 cononssnrroms
738 3618 789 3667 DE
815 3617 1061 3668 PROPAGANDA
1087 3619 1185 3672 mna.

159 3790 362 3990 INTER
392 3792 573 3890 praeclara
605 3792 698 3866 RR.
730 3793 810 3866 ΡΡ.
841 3792 930 3868 DD.
962 3794 1251 3894 Archiepiscopi

218 3906 516 4001 Baltimorensis,
529 3919 567 3980 et
581 3919 793 3982 ceterorum
810 3907 1090 4007 Episcoporum
1103 3909 1253 3986 Dioece-

160 4044 243 4095 sum
259 4020 298 4096 in
321 4021 534 4095 Foederatis
553 4022 742 4095 Americae
764 4021 1078 4120 Septentrionalis
1100 4024 1253 4098 Provin-

158 4134 225 4210 ciis
243 4136 495 4230 existentium,
511 4160 603 4236 erga
626 4136 867 4235 Religionem
885 4139 1123 4214 Catholicam
1147 4141 1254 4215 meri-

161 4259 211 4342 ta,
228 4251 270 4325 S.
296 4251 552 4349 Congregatio
584 4251 631 4324 de
657 4250 908 4351 Propagandi
932 4252 1030 4327 Fide
1059 4253 1149 4328 illud
1168 4255 1253 4353 jure

161 4378 346 4460 recenset,
359 4365 456 4461 quod
475 4366 524 4439 ad
542 4366 663 4464 majus
681 4365 869 4441 Ecclesiae
885 4369 1026 4441 bonum
1043 4367 1141 4441 iniis
1159 4369 1252 4466 regi-
