<?xml version="1.0" encoding="UTF-8"?>
<!DOCTYPE html PUBLIC "-//W3C//DTD XHTML 1.0 Transitional//EN"
    "http://www.w3.org/TR/xhtml1/DTD/xhtml1-transitional.dtd">
<html xmlns="http://www.w3.org/1999/xhtml" xml:lang="en" lang="en">
 <head>
  <title>
</title>
<meta http-equiv="Content-Type" content="text/html;charset=utf-8" />
  <meta name='ocr-system' content='tesseract 3.04.00' />
  <meta name='ocr-capabilities' content='ocr_page ocr_carea ocr_par ocr_line ocrx_word'/>
</head>
<body>
  <div class='ocr_page' id='page_1' title='image "./conciliaprovinc00mdgoog_0255.png"; bbox 0 0 2820 5010; ppageno 0'>
   <div class='ocr_carea' id='block_1_1' title="bbox 513 398 1221 473">
    <p class='ocr_par' dir='ltr' id='par_1_1' title="bbox 513 398 1221 473">
     <span class='ocr_line' id='line_1_1' title="bbox 513 398 1221 473; baseline -0.004 0"><span class='ocrx_word' id='word_1_1' title='bbox 513 420 763 473; x_wconf 79' lang='lat' dir='ltr'><strong>raovmcrnnn</strong></span> <span class='ocrx_word' id='word_1_2' title='bbox 790 421 838 471; x_wconf 87' lang='lat' dir='ltr'><strong>vr.</strong></span> <span class='ocrx_word' id='word_1_3' title='bbox 1146 398 1221 471; x_wconf 76' lang='lat'><strong>253</strong></span> 
     </span>
    </p>
   </div>
   <div class='ocr_carea' id='block_1_2' title="bbox 135 595 1224 815">
    <p class='ocr_par' dir='ltr' id='par_1_2' title="bbox 135 595 1224 815">
     <span class='ocr_line' id='line_1_2' title="bbox 135 595 1221 699; baseline -0.006 -23"><span class='ocrx_word' id='word_1_4' title='bbox 135 601 187 698; x_wconf 76' lang='lat' dir='ltr'><strong>joa</strong></span> <span class='ocrx_word' id='word_1_5' title='bbox 203 597 460 699; x_wconf 81' lang='lat' dir='ltr'><strong>impedimenti</strong></span> <span class='ocrx_word' id='word_1_6' title='bbox 476 596 681 673; x_wconf 89' lang='lat' dir='ltr'><strong>contractis</strong></span> <span class='ocrx_word' id='word_1_7' title='bbox 695 595 864 673; x_wconf 86' lang='lat' dir='ltr'><strong>succurri</strong></span> <span class='ocrx_word' id='word_1_8' title='bbox 876 595 1006 696; x_wconf 81' lang='lat' dir='ltr'><strong>possit.</strong></span> <span class='ocrx_word' id='word_1_9' title='bbox 1058 595 1221 672; x_wconf 79' lang='lat' dir='ltr'><strong>Constat</strong></span> 
     </span>
     <span class='ocr_line' id='line_1_3' title="bbox 135 710 1224 815; baseline -0.003 -24"><span class='ocrx_word' id='word_1_10' title='bbox 135 715 229 791; x_wconf 82' lang='lat' dir='ltr'><strong>enim</strong></span> <span class='ocrx_word' id='word_1_11' title='bbox 246 715 345 792; x_wconf 90' lang='lat' dir='ltr'><strong>hanc</strong></span> <span class='ocrx_word' id='word_1_12' title='bbox 370 715 493 815; x_wconf 85' lang='lat' dir='ltr'><strong>legem</strong></span> <span class='ocrx_word' id='word_1_13' title='bbox 509 712 626 789; x_wconf 74' lang='lat' dir='ltr'><strong>finisse</strong></span> <span class='ocrx_word' id='word_1_14' title='bbox 644 714 688 786; x_wconf 75' lang='lat' dir='ltr'><strong>ei</strong></span> <span class='ocrx_word' id='word_1_15' title='bbox 705 713 753 788; x_wconf 89' lang='lat' dir='ltr'><strong>de</strong></span> <span class='ocrx_word' id='word_1_16' title='bbox 770 714 886 788; x_wconf 71' lang='lat' dir='ltr'><strong>causi</strong></span> <span class='ocrx_word' id='word_1_17' title='bbox 907 710 1164 811; x_wconf 74' lang='lat' dir='ltr'><strong>praescriptam</strong></span> <span class='ocrx_word' id='word_1_18' title='bbox 1181 724 1224 788; x_wconf 91' lang='lat' dir='ltr'><strong>ut</strong></span> 
     </span>
    </p>
   </div>
   <div class='ocr_carea' id='block_1_3' title="bbox 134 827 1295 2985">
    <p class='ocr_par' dir='ltr' id='par_1_3' title="bbox 135 827 1228 1728">
     <span class='ocr_line' id='line_1_4' title="bbox 135 827 1224 928; baseline -0.006 -20"><span class='ocrx_word' id='word_1_19' title='bbox 135 829 320 909; x_wconf 83' lang='lat' dir='ltr'><strong>scandalis</strong></span> <span class='ocrx_word' id='word_1_20' title='bbox 337 829 492 904; x_wconf 82' lang='lat' dir='ltr'><strong>occasio</strong></span> <span class='ocrx_word' id='word_1_21' title='bbox 519 827 823 928; x_wconf 74' lang='lat' dir='ltr'><strong>praecluderetur,</strong></span> <span class='ocrx_word' id='word_1_22' title='bbox 838 839 877 903; x_wconf 91' lang='lat' dir='ltr'><strong>et</strong></span> <span class='ocrx_word' id='word_1_23' title='bbox 898 829 1159 902; x_wconf 84' lang='lat' dir='ltr'><strong>consuleretur</strong></span> <span class='ocrx_word' id='word_1_24' title='bbox 1174 828 1224 902; x_wconf 88' lang='lat' dir='ltr'><strong>le·</strong></span> 
     </span>
     <span class='ocr_line' id='line_1_5' title="bbox 135 940 1225 1044; baseline -0.004 -24"><span class='ocrx_word' id='word_1_25' title='bbox 135 968 220 1044; x_wconf 73' lang='lat' dir='ltr'><strong>pum</strong></span> <span class='ocrx_word' id='word_1_26' title='bbox 230 945 279 1019; x_wconf 93' lang='lat' dir='ltr'><strong>ab</strong></span> <span class='ocrx_word' id='word_1_27' title='bbox 289 942 467 1020; x_wconf 68' lang='lat' dir='ltr'><strong>Ecclesifi</strong></span> <span class='ocrx_word' id='word_1_28' title='bbox 479 942 527 1016; x_wconf 92' lang='lat' dir='ltr'><strong>de</strong></span> <span class='ocrx_word' id='word_1_29' title='bbox 538 941 775 1017; x_wconf 85' lang='lat' dir='ltr'><strong>matrimonio</strong></span> <span class='ocrx_word' id='word_1_30' title='bbox 790 940 1027 1016; x_wconf 90' lang='lat' dir='ltr'><strong>conditarum</strong></span> <span class='ocrx_word' id='word_1_31' title='bbox 1041 942 1225 1018; x_wconf 83' lang='lat' dir='ltr'><strong>custodiae</strong></span> 
     </span>
     <span class='ocr_line' id='line_1_6' title="bbox 135 1054 1226 1156; baseline -0.004 -21"><span class='ocrx_word' id='word_1_32' title='bbox 135 1082 178 1135; x_wconf 84' lang='lat' dir='ltr'><strong>ac</strong></span> <span class='ocrx_word' id='word_1_33' title='bbox 194 1057 397 1135; x_wconf 78' lang='lat' dir='ltr'><strong>sanctitati</strong></span> <span class='ocrx_word' id='word_1_34' title='bbox 449 1057 706 1156; x_wconf 76' lang='lat' dir='ltr'><strong>Quapropter,</strong></span> <span class='ocrx_word' id='word_1_35' title='bbox 721 1054 808 1131; x_wconf 81' lang='lat' dir='ltr'><strong>clun</strong></span> <span class='ocrx_word' id='word_1_36' title='bbox 829 1057 989 1131; x_wconf 85' lang='lat' dir='ltr'><strong>cautelae</strong></span> <span class='ocrx_word' id='word_1_37' title='bbox 1005 1056 1093 1131; x_wconf 93' lang='lat' dir='ltr'><strong>loco</strong></span> <span class='ocrx_word' id='word_1_38' title='bbox 1111 1067 1150 1129; x_wconf 93' lang='lat' dir='ltr'><strong>et</strong></span> <span class='ocrx_word' id='word_1_39' title='bbox 1166 1081 1226 1131; x_wconf 90' lang='lat' dir='ltr'><strong>ve·</strong></span> 
     </span>
     <span class='ocr_line' id='line_1_7' title="bbox 135 1168 1225 1271; baseline -0.003 -24"><span class='ocrx_word' id='word_1_40' title='bbox 135 1171 198 1249; x_wconf 88' lang='lat' dir='ltr'><strong>loti</strong></span> <span class='ocrx_word' id='word_1_41' title='bbox 218 1170 426 1271; x_wconf 70' lang='lat' dir='ltr'><strong>prudentiae</strong></span> <span class='ocrx_word' id='word_1_42' title='bbox 449 1169 656 1245; x_wconf 90' lang='lat' dir='ltr'><strong>remedium</strong></span> <span class='ocrx_word' id='word_1_43' title='bbox 682 1168 763 1243; x_wconf 84' lang='lat' dir='ltr'><strong>haec</strong></span> <span class='ocrx_word' id='word_1_44' title='bbox 787 1170 996 1243; x_wconf 85' lang='lat' dir='ltr'><strong>bannorum</strong></span> <span class='ocrx_word' id='word_1_45' title='bbox 1022 1169 1225 1266; x_wconf 86' lang='lat' dir='ltr'><strong>publicatio</strong></span> 
     </span>
     <span class='ocr_line' id='line_1_8' title="bbox 135 1282 1227 1380; baseline -0.005 -18"><span class='ocrx_word' id='word_1_46' title='bbox 135 1285 269 1362; x_wconf 75' lang='lat' dir='ltr'><strong>haben.</strong></span> <span class='ocrx_word' id='word_1_47' title='bbox 277 1286 428 1380; x_wconf 90' lang='lat' dir='ltr'><strong>debeat,</strong></span> <span class='ocrx_word' id='word_1_48' title='bbox 443 1285 546 1360; x_wconf 92' lang='lat' dir='ltr'><strong>nulla</strong></span> <span class='ocrx_word' id='word_1_49' title='bbox 570 1284 665 1359; x_wconf 87' lang='lat' dir='ltr'><strong>ratio</strong></span> <span class='ocrx_word' id='word_1_50' title='bbox 682 1283 773 1358; x_wconf 88' lang='lat' dir='ltr'><strong>satis</strong></span> <span class='ocrx_word' id='word_1_51' title='bbox 790 1283 898 1357; x_wconf 87' lang='lat' dir='ltr'><strong>firma</strong></span> <span class='ocrx_word' id='word_1_52' title='bbox 913 1282 1060 1358; x_wconf 87' lang='lat' dir='ltr'><strong>videtur</strong></span> <span class='ocrx_word' id='word_1_53' title='bbox 1076 1285 1227 1377; x_wconf 86' lang='lat' dir='ltr'><strong>obesse,</strong></span> 
     </span>
     <span class='ocr_line' id='line_1_9' title="bbox 135 1398 1226 1500; baseline -0.003 -23"><span class='ocrx_word' id='word_1_54' title='bbox 135 1399 330 1500; x_wconf 78' lang='lat' dir='ltr'><strong>quominus</strong></span> <span class='ocrx_word' id='word_1_55' title='bbox 355 1399 685 1498; x_wconf 81' lang='lat' dir='ltr'><strong>proclamationes,</strong></span> <span class='ocrx_word' id='word_1_56' title='bbox 709 1398 823 1473; x_wconf 88' lang='lat' dir='ltr'><strong>etiam</strong></span> <span class='ocrx_word' id='word_1_57' title='bbox 853 1399 1012 1498; x_wconf 87' lang='lat' dir='ltr'><strong>quando·</strong></span> <span class='ocrx_word' id='word_1_58' title='bbox 1030 1399 1153 1498; x_wconf 86' lang='lat' dir='ltr'><strong>agitur</strong></span> <span class='ocrx_word' id='word_1_59' title='bbox 1177 1401 1226 1475; x_wconf 89' lang='lat' dir='ltr'><strong>de</strong></span> 
     </span>
     <span class='ocr_line' id='line_1_10' title="bbox 135 1514 1228 1613; baseline 0 -23"><span class='ocrx_word' id='word_1_60' title='bbox 135 1514 375 1593; x_wconf 87' lang='lat' dir='ltr'><strong>matrimoniis</strong></span> <span class='ocrx_word' id='word_1_61' title='bbox 387 1514 525 1609; x_wconf 84' lang='lat' dir='ltr'><strong>mixtis,</strong></span> <span class='ocrx_word' id='word_1_62' title='bbox 535 1515 646 1608; x_wconf 67' lang='lat' dir='ltr'><strong>finnt,</strong></span> <span class='ocrx_word' id='word_1_63' title='bbox 663 1539 747 1613; x_wconf 82' lang='lat' dir='ltr'><strong>quae</strong></span> <span class='ocrx_word' id='word_1_64' title='bbox 763 1526 890 1590; x_wconf 89' lang='lat' dir='ltr'><strong>tamen</strong></span> <span class='ocrx_word' id='word_1_65' title='bbox 902 1514 1139 1590; x_wconf 87' lang='lat' dir='ltr'><strong>matrimonia</strong></span> <span class='ocrx_word' id='word_1_66' title='bbox 1151 1515 1228 1590; x_wconf 93' lang='lat' dir='ltr'><strong>nul-</strong></span> 
     </span>
     <span class='ocr_line' id='line_1_11' title="bbox 135 1628 1013 1728; baseline -0.002 -24"><span class='ocrx_word' id='word_1_67' title='bbox 135 1629 170 1705; x_wconf 96' lang='lat' dir='ltr'><strong>lo</strong></span> <span class='ocrx_word' id='word_1_68' title='bbox 186 1629 354 1706; x_wconf 87' lang='lat' dir='ltr'><strong>adhibito</strong></span> <span class='ocrx_word' id='word_1_69' title='bbox 370 1629 547 1728; x_wconf 87' lang='lat' dir='ltr'><strong>religioso</strong></span> <span class='ocrx_word' id='word_1_70' title='bbox 564 1628 637 1704; x_wconf 91' lang='lat' dir='ltr'><strong>ritu</strong></span> <span class='ocrx_word' id='word_1_71' title='bbox 654 1629 836 1704; x_wconf 88' lang='lat' dir='ltr'><strong>celebrari</strong></span> <span class='ocrx_word' id='word_1_72' title='bbox 852 1638 1013 1728; x_wconf 88' lang='lat' dir='ltr'><strong>oportet.</strong></span> 
     </span>
    </p>

    <p class='ocr_par' dir='ltr' id='par_1_4' title="bbox 134 1741 1295 2750">
     <span class='ocr_line' id='line_1_12' title="bbox 182 1741 1228 1842; baseline 0 -23"><span class='ocrx_word' id='word_1_73' title='bbox 182 1743 281 1819; x_wconf 65' lang='lat' dir='ltr'><strong>Haec</strong></span> <span class='ocrx_word' id='word_1_74' title='bbox 298 1741 547 1842; x_wconf 87' lang='lat' dir='ltr'><strong>Amplitudini</strong></span> <span class='ocrx_word' id='word_1_75' title='bbox 568 1755 645 1818; x_wconf 79' lang='lat' dir='ltr'><strong>ture</strong></span> <span class='ocrx_word' id='word_1_76' title='bbox 665 1754 704 1817; x_wconf 90' lang='lat' dir='ltr'><strong>et</strong></span> <span class='ocrx_word' id='word_1_77' title='bbox 728 1742 931 1841; x_wconf 89' lang='lat' dir='ltr'><strong>Episcopis</strong></span> <span class='ocrx_word' id='word_1_78' title='bbox 955 1755 1084 1818; x_wconf 91' lang='lat' dir='ltr'><strong>tecum</strong></span> <span class='ocrx_word' id='word_1_79' title='bbox 1101 1744 1174 1819; x_wconf 76' lang='lat' dir='ltr'><strong>uni</strong></span> <span class='ocrx_word' id='word_1_80' title='bbox 1190 1744 1228 1819; x_wconf 92' lang='lat' dir='ltr'><strong>in</strong></span> 
     </span>
     <span class='ocr_line' id='line_1_13' title="bbox 135 1855 1229 1958; baseline -0.003 -24"><span class='ocrx_word' id='word_1_81' title='bbox 135 1857 309 1934; x_wconf 84' lang='lat' dir='ltr'><strong>Concilio</strong></span> <span class='ocrx_word' id='word_1_82' title='bbox 333 1855 587 1957; x_wconf 85' lang='lat' dir='ltr'><strong>congregatis,</strong></span> <span class='ocrx_word' id='word_1_83' title='bbox 601 1856 753 1930; x_wconf 92' lang='lat' dir='ltr'><strong>nomine</strong></span> <span class='ocrx_word' id='word_1_84' title='bbox 772 1855 813 1929; x_wconf 82' lang='lat' dir='ltr'><strong>S.</strong></span> <span class='ocrx_word' id='word_1_85' title='bbox 833 1855 1149 1958; x_wconf 80' lang='lat' dir='ltr'><strong>Congregationis</strong></span> <span class='ocrx_word' id='word_1_86' title='bbox 1165 1857 1229 1931; x_wconf 90' lang='lat' dir='ltr'><strong>ha·</strong></span> 
     </span>
     <span class='ocr_line' id='line_1_14' title="bbox 134 1969 1230 2072; baseline -0.002 -24"><span class='ocrx_word' id='word_1_87' title='bbox 134 1971 198 2048; x_wconf 89' lang='lat' dir='ltr'><strong>bui</strong></span> <span class='ocrx_word' id='word_1_88' title='bbox 221 1969 478 2072; x_wconf 80' lang='lat' dir='ltr'><strong>significanda</strong></span> <span class='ocrx_word' id='word_1_89' title='bbox 530 1970 659 2069; x_wconf 88' lang='lat' dir='ltr'><strong>Atque</strong></span> <span class='ocrx_word' id='word_1_90' title='bbox 685 1969 783 2046; x_wconf 90' lang='lat' dir='ltr'><strong>hanc</strong></span> <span class='ocrx_word' id='word_1_91' title='bbox 810 1982 945 2046; x_wconf 91' lang='lat' dir='ltr'><strong>nactus</strong></span> <span class='ocrx_word' id='word_1_92' title='bbox 973 1971 1230 2065; x_wconf 91' lang='lat' dir='ltr'><strong>occasionem,</strong></span> 
     </span>
     <span class='ocr_line' id='line_1_15' title="bbox 134 2083 1229 2164; baseline -0.002 -1"><span class='ocrx_word' id='word_1_93' title='bbox 134 2084 281 2164; x_wconf 81' lang='lat' dir='ltr'><strong>debitas</strong></span> <span class='ocrx_word' id='word_1_94' title='bbox 298 2085 430 2160; x_wconf 90' lang='lat' dir='ltr'><strong>laudes</strong></span> <span class='ocrx_word' id='word_1_95' title='bbox 448 2083 514 2159; x_wconf 89' lang='lat' dir='ltr'><strong>tibi</strong></span> <span class='ocrx_word' id='word_1_96' title='bbox 538 2083 755 2158; x_wconf 87' lang='lat' dir='ltr'><strong>tribuendas</strong></span> <span class='ocrx_word' id='word_1_97' title='bbox 773 2083 904 2160; x_wconf 89' lang='lat' dir='ltr'><strong>censui</strong></span> <span class='ocrx_word' id='word_1_98' title='bbox 921 2086 970 2159; x_wconf 92' lang='lat' dir='ltr'><strong>ob</strong></span> <span class='ocrx_word' id='word_1_99' title='bbox 988 2085 1111 2160; x_wconf 88' lang='lat' dir='ltr'><strong>zelum</strong></span> <span class='ocrx_word' id='word_1_100' title='bbox 1127 2084 1229 2161; x_wconf 92' lang='lat' dir='ltr'><strong>illum</strong></span> 
     </span>
     <span class='ocr_line' id='line_1_16' title="bbox 135 2197 1231 2299; baseline 0 -25"><span class='ocrx_word' id='word_1_101' title='bbox 135 2198 376 2299; x_wconf 87' lang='lat' dir='ltr'><strong>perspicuum</strong></span> <span class='ocrx_word' id='word_1_102' title='bbox 388 2200 437 2273; x_wconf 89' lang='lat' dir='ltr'><strong>ab</strong></span> <span class='ocrx_word' id='word_1_103' title='bbox 448 2197 706 2297; x_wconf 86' lang='lat' dir='ltr'><strong>Amplitudine</strong></span> <span class='ocrx_word' id='word_1_104' title='bbox 719 2199 783 2271; x_wconf 74' lang='lat' dir='ltr'><strong>tui</strong></span> <span class='ocrx_word' id='word_1_105' title='bbox 795 2197 1001 2296; x_wconf 71' lang='lat' dir='ltr'><strong>praesertim</strong></span> <span class='ocrx_word' id='word_1_106' title='bbox 1013 2198 1231 2294; x_wconf 84' lang='lat' dir='ltr'><strong>exhibitum,</strong></span> 
     </span>
     <span class='ocr_line' id='line_1_17' title="bbox 135 2311 1295 2412; baseline -0.007 -22"><span class='ocrx_word' id='word_1_107' title='bbox 135 2313 199 2391; x_wconf 91' lang='lat' dir='ltr'><strong>cui</strong></span> <span class='ocrx_word' id='word_1_108' title='bbox 226 2313 406 2412; x_wconf 84' lang='lat' dir='ltr'><strong>peculiari</strong></span> <span class='ocrx_word' id='word_1_109' title='bbox 434 2313 580 2387; x_wconf 89' lang='lat' dir='ltr'><strong>ratione</strong></span> <span class='ocrx_word' id='word_1_110' title='bbox 614 2311 871 2388; x_wconf 85' lang='lat' dir='ltr'><strong>Conciliorum</strong></span> <span class='ocrx_word' id='word_1_111' title='bbox 900 2312 1230 2390; x_wconf 86' lang='lat' dir='ltr'><strong>Baltimorensium</strong></span> <span class='ocrx_word' id='word_1_112' title='bbox 1293 2378 1295 2382; x_wconf 86' lang='lat'>.</span> 
     </span>
     <span class='ocr_line' id='line_1_18' title="bbox 135 2427 1231 2522; baseline 0 -17"><span class='ocrx_word' id='word_1_113' title='bbox 135 2428 342 2505; x_wconf 85' lang='lat' dir='ltr'><strong>celebratio</strong></span> <span class='ocrx_word' id='word_1_114' title='bbox 372 2427 556 2505; x_wconf 78' lang='lat' dir='ltr'><strong>hactenus</strong></span> <span class='ocrx_word' id='word_1_115' title='bbox 584 2427 701 2522; x_wconf 86' lang='lat' dir='ltr'><strong>sacta,</strong></span> <span class='ocrx_word' id='word_1_116' title='bbox 730 2439 769 2502; x_wconf 90' lang='lat' dir='ltr'><strong>et</strong></span> <span class='ocrx_word' id='word_1_117' title='bbox 799 2428 1007 2505; x_wconf 83' lang='lat' dir='ltr'><strong>secundum</strong></span> <span class='ocrx_word' id='word_1_118' title='bbox 1042 2454 1231 2505; x_wconf 88' lang='lat' dir='ltr'><strong>canonum</strong></span> 
     </span>
     <span class='ocr_line' id='line_1_19' title="bbox 136 2540 1232 2641; baseline 0 -23"><span class='ocrx_word' id='word_1_119' title='bbox 136 2540 438 2641; x_wconf 61' lang='lat' dir='ltr'><strong>proscripturit&amp;</strong></span> <span class='ocrx_word' id='word_1_120' title='bbox 456 2553 601 2635; x_wconf 87' lang='lat' dir='ltr'><strong>curata,</strong></span> <span class='ocrx_word' id='word_1_121' title='bbox 616 2541 746 2616; x_wconf 86' lang='lat' dir='ltr'><strong>referri</strong></span> <span class='ocrx_word' id='word_1_122' title='bbox 769 2544 892 2618; x_wconf 86' lang='lat' dir='ltr'><strong>debet.</strong></span> <span class='ocrx_word' id='word_1_123' title='bbox 943 2542 1088 2618; x_wconf 91' lang='lat' dir='ltr'><strong>Precor</strong></span> <span class='ocrx_word' id='word_1_124' title='bbox 1105 2544 1232 2620; x_wconf 92' lang='lat' dir='ltr'><strong>Deum</strong></span> 
     </span>
     <span class='ocr_line' id='line_1_20' title="bbox 136 2656 385 2750; baseline -0.004 -19"><span class='ocrx_word' id='word_1_125' title='bbox 136 2656 296 2750; x_wconf 88' lang='lat' dir='ltr'><strong>interea,</strong></span> <span class='ocrx_word' id='word_1_126' title='bbox 312 2668 385 2732; x_wconf 85' lang='lat' dir='ltr'><strong>etc.</strong></span> 
     </span>
    </p>

    <p class='ocr_par' dir='ltr' id='par_1_5' title="bbox 140 2769 1233 2985">
     <span class='ocr_line' id='line_1_21' title="bbox 187 2769 1233 2871; baseline -0.001 -26"><span class='ocrx_word' id='word_1_127' title='bbox 187 2770 340 2866; x_wconf 82' lang='lat' dir='ltr'><strong>Romae,</strong></span> <span class='ocrx_word' id='word_1_128' title='bbox 357 2794 404 2844; x_wconf 86' lang='lat' dir='ltr'><strong>ex</strong></span> <span class='ocrx_word' id='word_1_129' title='bbox 424 2769 586 2845; x_wconf 85' lang='lat' dir='ltr'><strong>AEdibus</strong></span> <span class='ocrx_word' id='word_1_130' title='bbox 615 2769 656 2845; x_wconf 86' lang='lat' dir='ltr'><strong>S.</strong></span> <span class='ocrx_word' id='word_1_131' title='bbox 676 2770 991 2871; x_wconf 74' lang='lat' dir='ltr'><strong>congregationis</strong></span> <span class='ocrx_word' id='word_1_132' title='bbox 1017 2773 1065 2847; x_wconf 92' lang='lat' dir='ltr'><strong>de</strong></span> <span class='ocrx_word' id='word_1_133' title='bbox 1091 2771 1233 2870; x_wconf 89' lang='lat' dir='ltr'><strong>Propa-</strong></span> 
     </span>
     <span class='ocr_line' id='line_1_22' title="bbox 140 2884 743 2985; baseline 0 -26"><span class='ocrx_word' id='word_1_134' title='bbox 140 2884 262 2985; x_wconf 78' lang='lat' dir='ltr'><strong>gandi</strong></span> <span class='ocrx_word' id='word_1_135' title='bbox 279 2884 391 2979; x_wconf 89' lang='lat' dir='ltr'><strong>Fide,</strong></span> <span class='ocrx_word' id='word_1_136' title='bbox 408 2885 468 2959; x_wconf 88' lang='lat' dir='ltr'><strong>die</strong></span> <span class='ocrx_word' id='word_1_137' title='bbox 486 2884 617 2958; x_wconf 83' lang='lat' dir='ltr'><strong>3Ju1ii</strong></span> <span class='ocrx_word' id='word_1_138' title='bbox 637 2887 743 2959; x_wconf 81' lang='lat'><strong>1847.</strong></span> 
     </span>
    </p>
   </div>
   <div class='ocr_carea' id='block_1_4' title="bbox 276 3026 1184 3258">
    <p class='ocr_par' dir='ltr' id='par_1_6' title="bbox 276 3026 1184 3258">
     <span class='ocr_line' id='line_1_23' title="bbox 276 3026 1183 3126; baseline 0.003 -24"><span class='ocrx_word' id='word_1_139' title='bbox 276 3028 313 3102; x_wconf 88' lang='lat' dir='ltr'><strong>J.</strong></span> <span class='ocrx_word' id='word_1_140' title='bbox 332 3028 405 3104; x_wconf 80' lang='lat' dir='ltr'><strong>Pu.</strong></span> <span class='ocrx_word' id='word_1_141' title='bbox 425 3028 547 3102; x_wconf 73' lang='lat' dir='ltr'><strong>Orno.</strong></span> <span class='ocrx_word' id='word_1_142' title='bbox 566 3026 940 3122; x_wconf 84' lang='lat' dir='ltr'><strong>FRANSONIUS,</strong></span> <span class='ocrx_word' id='word_1_143' title='bbox 957 3027 1183 3126; x_wconf 75' lang='lat' dir='ltr'><strong>Profectus.</strong></span> 
     </span>
     <span class='ocr_line' id='line_1_24' title="bbox 428 3155 1184 3258; baseline 0.005 -28"><span class='ocrx_word' id='word_1_144' title='bbox 428 3156 464 3230; x_wconf 92' lang='lat' dir='ltr'><strong>J.</strong></span> <span class='ocrx_word' id='word_1_145' title='bbox 483 3157 528 3231; x_wconf 95' lang='lat' dir='ltr'><strong>B.</strong></span> <span class='ocrx_word' id='word_1_146' title='bbox 547 3156 698 3252; x_wconf 79' lang='lat' dir='ltr'><strong>Pnunn,</strong></span> <span class='ocrx_word' id='word_1_147' title='bbox 716 3158 753 3232; x_wconf 77' lang='lat' dir='ltr'><strong>S.</strong></span> <span class='ocrx_word' id='word_1_148' title='bbox 777 3159 968 3258; x_wconf 80' lang='lat' dir='ltr'><strong>Congreg.</strong></span> <span class='ocrx_word' id='word_1_149' title='bbox 993 3155 1184 3253; x_wconf 75' lang='lat' dir='ltr'><strong>Qffioialr’s.</strong></span> 
     </span>
    </p>
   </div>
   <div class='ocr_carea' id='block_1_5' title="bbox 0 0 1420 5010">
    <p class='ocr_par' dir='ltr' id='par_1_7' title="bbox 0 0 1420 5010">
     <span class='ocr_line' id='line_1_25' title="bbox 0 0 1420 5010; baseline 0 0"><span class='ocrx_word' id='word_1_150' title='bbox 0 0 1420 5010; x_wconf 95' lang='lat' dir='ltr'><strong> </strong></span> 
     </span>
    </p>
   </div>
  </div>
 </body>
</html>
