2820 5010
585 351 814 406 euanmuun.
1199 327 1248 398 33

152 524 194 598 S.
214 524 261 599 T.
280 526 330 600 D.
381 524 568 625 Magistro
592 527 911 602 Coeremoniarum
936 525 1033 600 Rev.
1052 525 1100 598 D.
1119 523 1245 597 Furn-

154 663 261 713 crsco
288 641 519 734 Burrenum,
537 642 581 716 C.
608 640 664 715 M.

201 754 391 828 Absoluto
422 755 559 849 Sacro,
575 755 800 829 concionem
830 756 879 830 ad
913 754 1092 853 populum
1116 749 1246 826 habuit

153 866 285 941 Illffrus
320 881 359 943 et
392 868 565 943 Revffius
600 869 649 942 D.
680 868 998 968 Pittsburgensis3
1027 890 1102 964 qua
1129 865 1246 958 finita,

154 980 281 1055 habita
311 994 370 1056 est
396 982 528 1056 Sessio
554 983 664 1056 tertia
689 983 879 1077 solemnis,
894 983 1005 1081 juxta
1028 979 1247 1078 praescripta

153 1094 387 1170 Pontificalis
410 1095 578 1170 Romani
603 1121 670 1194 pro
698 1096 880 1179 Sessione
905 1094 1075 1170 secunda
1099 1093 1243 1191 synodi.

202 1211 372 1286 Decreta
397 1236 421 1285 a
445 1211 622 1287 Patribus
649 1212 844 1308 hucusque
870 1211 959 1304 lata,
976 1208 1123 1308 publice
1144 1209 1246 1283 lecta

154 1338 281 1399 sunta
306 1326 424 1422 primo
452 1325 680 1400 Secretario.
731 1324 832 1399 Tum
858 1324 990 1398 Iltmus
1008 1334 1047 1397 et
1070 1321 1245 1396 Revr‘frus

153 1437 201 1511 D.
222 1439 544 1536 Archiepiscopus
566 1437 864 1533 Baltimorensis,
881 1436 995 1511 Sedis
1013 1433 1246 1534 Apostolicm

153 1551 377 1652 Delegatus,
400 1553 563 1627 instante
590 1552 742 1627 Revr‘no
768 1552 1007 1644 Promotore,
1029 1549 1082 1624 ita
1106 1548 1243 1623 Patres

153 1666 338 1741 allocutus
366 1679 439 1741 est:
466 1667 650 1741 Placetne
674 1667 793 1760 vobis,
815 1664 1049 1740 venerabiles
1074 1663 1244 1754 lintres,

153 1780 233 1854 ltoee
267 1807 353 1878 quoe
377 1782 476 1856 lecta
500 1792 592 1855 suot
621 1781 773 1854 decreta
797 1781 1022 1879 approbare,
1042 1789 1078 1852 et
1111 1776 1244 1873 confir·

153 1898 288 1968 mure?
331 1895 627 1993 Responderunt
645 1918 794 1969 omnes:
816 1894 963 1988 Placet,
974 1892 1245 1993 approbamus,

153 2007 434 2104 confirmamus.

202 2122 307 2195 Data
331 2133 420 2196 tunc
446 2147 470 2195 a
494 2122 645 2197 Revffio
673 2121 840 2196 Praeside
867 2120 1143 2214 benedictione,
1159 2119 1243 2194 finis

155 2234 240 2309 huic
260 2236 432 2310 Sessioni
448 2236 623 2334 imposita
636 2248 707 2328 est,
720 2250 758 2309 ct
772 2261 902 2311 omues
917 2234 1243 2333 processionaliter

155 2350 203 2424 ad
221 2352 322 2425 redes
341 2352 697 2449 Archiepiscopales
715 2363 956 2426 reverterunt.

204 2465 320 2538 Horis
339 2465 638 2564 postmeridianis
656 2465 758 2538 nulla
774 2465 902 2540 habita
915 2477 974 2539 est
987 2464 1241 2564 congregatio

157 2579 314 2673 publica.

303 2838 627 2903 OONGREGATIO
657 2838 858 2903 SEPTIMA
886 2838 1096 2918 PRIVATA,

342 3015 394 3055 ors
410 3015 509 3068 noun,
525 3015 597 3056 unu
613 2996 658 3068 17,
675 3015 761 3056 noan
777 2997 812 3056 11
827 3015 858 3055 a.
870 3013 906 3055 m.
922 3013 1052 3056 urarrn.

204 3147 392 3221 Aurunnn
411 3148 546 3221 Patres
564 3172 696 3221 omues
715 3173 800 3222 cum
820 3147 980 3222 Concilii
998 3147 1241 3225 Officialibus

204 3260 375 3335 Revffius
403 3274 440 3335 et
465 3261 597 3336 Illrirus
623 3262 671 3335 1).
690 3262 986 3360 Pittsburgensis
1012 3288 1059 3337 ex
1078 3265 1244 3364 Congre-

157 3374 305 3471 gatione
336 3376 383 3448 de
411 3376 496 3472 jure
527 3375 711 3449 canonico
744 3375 870 3449 retulit
900 3376 1242 3476 congregationem

156 3486 265 3560 istam
282 3513 439 3561 censere
458 3500 632 3584 oportere
657 3488 800 3585 amplas
818 3488 1017 3563 facultates
1036 3515 1059 3564 a
1077 3492 1118 3565 S.
1139 3492 1241 3567 Sede

156 3602 347 3697 postulari,
380 3602 584 3699 praesertim
618 3628 731 3699 super
764 3603 1006 3677 matrimoniis
1040 3605 1176 3700 mixtis,
1205 3621 1242 3682 et

157 3715 493 3813 dispensationibus
507 3715 545 3791 in
559 3741 651 3791 casu
664 3716 919 3813 impedimenti
932 3741 979 3790 ex
993 3717 1110 3813 primo
1124 3723 1242 3818 gradu

157 3830 355 3923 affinitatis,
372 3843 411 3904 et
436 3833 604 3906 secundo
630 3833 748 3931 gradu
774 3831 998 3906 collateralis
1024 3838 1244 3934 consangui-

156 3945 280 4019 nitatis
299 3945 389 4037 orti3
415 3960 454 4019 et
478 3946 615 4020 Patres
633 3947 756 4020 eidem
774 3970 870 4020 onus
889 3946 1027 4020 dedere
1046 3947 1241 4044 epistolam

157 4082 202 4132 eo
237 4083 350 4133 sensu
385 4060 434 4132 ad
470 4059 510 4132 S.
539 4060 682 4133 Sedem
716 4058 935 4133 mittendam
970 4061 1240 4140 conscribendi.

155 4169 364 4245 Voluerunt
395 4198 543 4269 quoque
571 4173 607 4246 in
638 4173 771 4247 eadem
799 4171 959 4268 epistola
985 4173 1074 4271 peti,
1100 4188 1141 4250 ut
1167 4203 1243 4253 non

149 4285 414 4381 juramentum,
431 4287 499 4361 sed
524 4278 669 4361 tantum
694 4285 872 4360 solemnis
902 4285 1100 4383 promissio
1117 4300 1193 4364 tam
1219 4319 1241 4367 a

307 4408 328 4473 5
347 4454 348 4458 ,
