2820 5010
152 367 228 439 ‘2‘24
441 385 652 437 concnrnu
678 384 966 437 nnnrruoannsa

381 677 587 770 BREVE
634 674 1025 771 armachana

156 929 205 978 SS.
231 909 295 978 Dfll
319 927 455 978 nosral
480 927 659 978 cascoan
684 930 738 979 ΡΡ.
760 929 826 979 XVI
850 928 899 980 An
921 921 1226 980 aacnlaalscornrt

185 1042 516 1113 BALTIMORENSEM,
533 1042 580 1092 ET
598 1043 797 1093 ariscoaos
816 1043 906 1094 BJUS
923 1039 1209 1094 SUFFRAGANEOS.

161 1248 445 1324 Vmerubib'bua
452 1247 655 1322 Fratribus
667 1248 844 1322 Sinnnnr
854 1248 1152 1347 dreitiepiacopo
1162 1242 1232 1320 aab

370 1363 583 1455 emortum,
598 1373 636 1436 et
651 1367 735 1462 ejus
753 1361 1032 1463 suffraganeis.

367 1589 746 1666 GREGORIUS
783 1588 876 1664 ΡΡ.
910 1588 1040 1664 XVI.

230 1819 475 1895 venerabiles
493 1818 662 1912 Fratres,
678 1818 838 1893 sadotem
855 1829 895 1892 et
911 1817 1175 1917 Apostolicam

544 1933 856 2010 benedictionem.

233 2161 560 2238 RATISSIMAE
576 2161 684 2237 nobis
702 2161 853 2237 fuerunt
869 2174 1004 2237 vestrae
1021 2161 1167 2256 litterae,
1179 2161 1244 2235 vix·

257 2276 345 2353 dim
363 2277 492 2375 quinto
514 2275 740 2352 Provinciali
756 2275 1023 2350 Baltimorensi
1040 2275 1213 2351 Concilio
1227 2275 1246 2348 i

154 2391 258 2467 vobis
275 2416 406 2465 mense
423 2389 530 2465 Maio
548 2391 739 2466 celebrato
753 2391 803 2465 ad
820 2415 890 2465 nos
908 2391 1020 2484 datae,
1032 2389 1167 2487 quibus
1181 2389 1248 2464 sin

153 2507 320 2605 gularem
334 2530 380 2581 ac
398 2515 637 2604 perspectam
651 2515 814 2577 vestram
831 2503 870 2578 in
885 2528 956 2578 nos
971 2514 1011 2578 et
1027 2503 1126 2578 hanc
1146 2502 1248 2577 Petri

77 2688 84 2703 κ
154 2622 399 2715 Cathedram,
426 2619 623 2695 catholicae
652 2619 805 2693 unitatis
833 2631 1018 2713 centrum,
1044 2619 1249 2693 veneratio

152 2762 239 2811 nem
257 2748 371 2833 atque
388 2734 664 2809 observantiam
681 2733 920 2831 amplissimis
938 2733 1059 2807 verbis
1083 2733 1158 2807 uni
1175 2759 1249 2806 om-

153 2876 221 2925 nes
239 2850 373 2926 iterim
390 2849 556 2948 profiteri
569 2849 788 2948 gloriamini,
801 2860 914 2946 atque
929 2849 1099 2947 ejusdem
1114 2849 1250 2924 Conci·

152 2967 189 3040 lii
202 2968 305 3041 Acta
322 2966 432 3064 hujus
447 2965 681 3063 Apostolicae
698 2964 812 3038 Sedis
823 2964 968 3063 judicio
983 2978 1022 3038 et
1034 2963 1249 3039 auctoritati

151 3080 406 3178 subjicientes,
429 3079 450 3151 a
474 3079 582 3153 nobis
606 3078 817 3177 efflagitatis
841 3090 883 3153 ut
907 3078 1078 3152 Decreta
1102 3078 1140 3152 in
1166 3078 1249 3176 ipso

152 3194 326 3269 Concilio
350 3193 453 3268 edita
475 3192 699 3267 confirmare
717 3192 882 3266 velimus.
933 3192 996 3266 De
1020 3192 1155 3289 quibus
1174 3192 1249 3290 qui-

152 3309 239 3382 dem
264 3308 441 3382 Decretis
464 3319 716 3404 opportunum
734 3307 838 3380 vobis
863 3330 1089 3403 responsum
1115 3306 1249 3380 reddet

150 3434 281 3497 nostra
298 3421 562 3520 Propagandae
583 3419 694 3494 Fidei
711 3419 982 3518 Congregatio,
998 3419 1060 3494 cui
1077 3416 1249 3518 ejusdem

152 3536 314 3624 Consilii
343 3536 447 3610 Acta
475 3534 725 3609 examinanda
754 3534 1020 3609 commisimus.
1080 3534 1249 3608 Summis

152 3649 238 3724 verb
264 3649 480 3744 meritisque
505 3648 676 3723 laudibus
704 3647 959 3746 episcopalem
984 3648 1149 3721 vestrim
1175 3673 1250 3723 om·

151 3764 254 3838 nium
265 3762 553 3837 sollicitudinem
567 3762 840 3861 prosequimur,
851 3761 950 3859 qudd
960 3762 1126 3836 muneris
1138 3763 1250 3838 vestri

152 3893 278 3974 partes
297 3875 427 3950 seduld
444 3877 641 3970 obeuntes,
659 3902 705 3951 ex
724 3901 913 3951 canonum
937 3876 1156 3975 praescripto
1175 3902 1250 3952 rur·

151 3989 215 4064 siis
232 3989 271 4064 in
287 4014 401 4063 unum
414 3990 655 4083 convenistis,
668 4002 709 4064 ut
726 3990 763 4063 in
780 3990 932 4064 nomine
951 3989 1114 4087 Spiritus
1128 3991 1251 4066 sancti

151 4104 261 4178 simul
282 4104 486 4202 conjuncti,
503 4104 809 4179 concordissimis
827 4104 960 4178 animis
978 4128 1025 4177 ea
1042 4105 1250 4204 suscipere·

151 4219 198 4292 tis
220 4218 388 4313 consilia,
406 4245 489 4316 qum
510 4206 641 4318 majori
666 4218 886 4294 dioecesinm
904 4231 1113 4294 vestrarum
1137 4223 1249 4313 bono,

152 4346 264 4432 atque
282 4333 488 4410 animamm
513 4333 624 4410 saluti
649 4335 917 4410 conducerent.
970 4333 1165 4410 Exultavit
1188 4360 1249 4412 au-
