2820 5010
163 375 239 449 278
451 395 664 448 conormurr
688 394 977 449 aturruonrtrtsu

213 570 265 647 Π.
293 572 535 648 censuerunt
563 571 702 670 pariter
731 570 868 647 Patres
894 571 1056 648 Summo
1086 568 1245 647 Pontifici

165 685 467 787 significandum,
492 697 640 784 gratum
657 685 728 761 sibi
752 687 834 761 fore
851 698 894 762 ut
913 685 1029 762 veluti
1053 685 1248 761 Catholiee

163 800 353 876 Ecclesiae
370 798 581 876 doctrinam
607 799 773 895 definiat,
789 799 822 875 si
837 799 877 877 id
894 799 1173 899 sapientissimo
1189 824 1246 875 suo

156 914 302 1013 judicio
328 926 580 1013 opportunum
606 914 807 1009 existimet,
830 912 1069 991 Beatissimae
1098 912 1248 1013 Virginis

162 1028 297 1104 Mariae
323 1028 563 1126 Conceptum
586 1027 876 1104 Immaculatum
894 1027 1046 1104 omninb
1062 1028 1194 1122 fuisse,
1208 1038 1251 1103 at·

161 1169 236 1243 que
247 1146 295 1219 ab
312 1144 415 1219 omni
430 1142 584 1242 prorsus
596 1142 800 1242 Originalis
811 1142 933 1242 culpae
947 1143 1032 1218 labe
1043 1142 1250 1218 immunem.

210 1257 283 1333 III.
310 1259 444 1332 Visum
469 1268 529 1332 est
553 1257 730 1332 Patribus
748 1257 1004 1333 Sacerdotum
1025 1257 1077 1330 ad
1102 1256 1254 1355 Episco

161 1372 285 1472 palem
299 1371 517 1471 dignitatem
532 1371 812 1446 evehendorum
825 1369 1200 1447 commendationem
1210 1369 1255 1445 fa·

161 1487 334 1564 ciendam
352 1510 439 1561 esse
450 1486 561 1585 juxta
576 1509 722 1561 morem
741 1486 823 1585 jam
845 1486 894 1559 ab
911 1482 1138 1582 Apostolicd
1154 1484 1255 1560 Sede

158 1601 363 1677 sancitum:
389 1598 690 1698 Arcbiepiscopo
703 1610 832 1673 tamen
849 1597 1060 1673 Provinciae
1075 1597 1128 1673 ad
1146 1621 1256 1695 quam

159 1717 321 1816 pertinet
345 1713 525 1791 Ecclesia
550 1715 599 1789 de
616 1739 715 1790 novo
738 1713 902 1790 Pastore
927 1712 1175 1811 providenda,
1192 1713 1259 1789 Sa·

157 1832 356 1908 cerdotum
373 1829 437 1927 qui
453 1840 713 1928 proponuntur
736 1826 1107 1904 commendationem
1125 1827 1176 1903 ad
1199 1851 1260 1903 ce·

158 1957 263 2021 teros
275 1942 598 2043 Archiepiscopos
609 1943 899 2036 transmittente,
909 1940 973 2038 qui
986 1940 1147 2018 Sanctae
1163 1940 1257 2017 Sedi

160 2083 268 2134 suam
287 2057 512 2134 sententiam
529 2057 700 2157 aperient
716 2057 765 2133 de
790 2055 1065 2132 Sacerdotibus
1082 2055 1142 2132 sic
1157 2079 1257 2133 com·

159 2171 379 2248 mendatis*
1111 2208 1116 2213 ·

207 2286 275 2360 lv.
302 2286 526 2362 Statuerunt
551 2284 689 2361 Patres
714 2282 914 2360 Ecclesias
939 2306 1088 2371 omnes,
1114 2274 1256 2360 cetera·

157 2425 232 2499 que
249 2401 352 2477 bona
371 2399 660 2493 Ecclesiastico,
676 2423 760 2496 quae
776 2400 836 2473 vel
861 2398 975 2492 dono,
992 2398 1051 2471 vel
1069 2396 1255 2475 Fidelium

158 2514 409 2590 oblationibus
423 2513 619 2612 acquisita,
632 2513 670 2587 in
687 2512 880 2587 charitatis
894 2512 951 2586 vel
965 2510 1157 2610 religionis
1171 2534 1256 2610 ope·

157 2629 258 2704 ribus
289 2639 377 2702 sunt
404 2628 670 2725 impendenda,
696 2627 745 2701 ad
776 2625 1018 2701 Ordinarium
1049 2626 1254 2724 pertinere3

156 2744 228 2818 nisi
252 2754 445 2841 appareat,
470 2742 686 2839 scriptoque
712 2751 875 2834 constet,
894 2740 957 2813 illa
981 2738 1120 2815 Ordini
1146 2739 1255 2815 alicui

155 2858 353 2957 Regulari,
365 2857 423 2930 vel
442 2857 696 2931 Sacerdotum
711 2854 1020 2954 Congregationi‚
1032 2854 1071 2928 in
1085 2854 1252 2954 ipsorum

157 2998 280 3065 usum,
296 2969 434 3045 tradita
450 2969 576 3044 fuisse.

206 3087 252 3160 V.
280 3086 462 3159 Statuunt
487 3083 623 3156 Patres
642 3083 784 3157 nullum
809 3081 943 3156 harum
968 3081 1253 3157 Provinciarum

157 3199 421 3290 Sacerdotem,
438 3197 487 3270 ad
513 3196 623 3268 aliam
650 3196 841 3269 dioecesim
869 3195 1028 3269 transire
1052 3196 1253 3291 volentem,

155 3313 341 3411 aproprio
371 3311 566 3408 Episcopo
593 3309 866 3403 dimittendum,
882 3309 954 3383 nisi
979 3309 1084 3384 certd
1102 3322 1253 3385 constet

155 3452 241 3501 eum
272 3427 318 3498 ab
347 3424 420 3497 alio
451 3423 646 3521 Episcopo
678 3448 763 3496 esse
796 3423 1062 3520 recipiendum.
1116 3424 1162 3497 Si
1192 3424 1252 3521 qui

12 3592 19 3623 ,
154 3553 281 3616 autern
298 3539 336 3612 in
353 3550 545 3636 posterum
572 3538 678 3612 aliter
696 3537 837 3611 dimissi
855 3537 1003 3630 fuerint,
1020 3562 1098 3611 non
1123 3539 1251 3637 recipi·

154 3669 274 3732 antur.

203 3771 269 3844 VI.
298 3767 437 3843 Strictd
466 3767 706 3865 prohibemus
735 3792 782 3842 ne
813 3767 1046 3842 Sacerdotes
1064 3768 1248 3842 matrimo-

151 3886 221 3963 niis
240 3908 370 3958 eorum
388 3882 450 3979 qui
470 3883 550 3980 jam
576 3883 623 3954 ab
650 3882 863 3956 acatholico
889 3882 1066 3956 Ministro
1085 3883 1143 3957 vel
1165 3908 1248 3958 eon·

145 3999 270 4100 juncti
298 4009 398 4091 sunt,
427 3996 486 4071 vel
516 3995 695 4095 conjungi
724 3997 866 4091 volunt,
894 3996 1079 4071 interesse
1111 4023 1244 4096 praesu·

152 4125 267 4190 mant.

187 4296 202 4328 θ
220 4292 250 4347 S.
262 4289 489 4362 Congregatiouis
498 4288 531 4345 de
541 4287 722 4360 Propagandt
735 4287 804 4344 Fide
817 4289 965 4346 Decretum
973 4288 1007 4344 de
1016 4290 1050 4344 et
1064 4305 1093 4343 re
1102 4290 1246 4361 reperietur

154 4381 231 4438 iube
