2820 5010
536 425 791 477 rnovrucmnr
818 426 871 477 m.
1184 407 1255 479 153

149 612 321 696 utuntur,
340 613 380 675 et
406 626 453 676 ex
477 601 604 677 italico
628 601 808 678 idiomate
833 628 930 701 opus
956 603 1095 679 aliudi
1121 604 1257 679 Sacer-

150 716 243 791 dote
268 716 445 791 Josnrno
472 717 711 811 Bannascru,
727 716 880 812 Romae,
901 719 1168 817 Superioribus
1194 744 1257 818 ap-

154 830 412 928 probantibus,
428 831 642 930 erulgatum
668 855 737 928 pro
762 832 966 930 majoribus
985 832 1192 926 Ecclesiis3
1217 844 1258 907 et

153 944 310 1018 tandem
323 969 371 1019 ex
383 944 647 1021 Caeremoniali
660 944 953 1044 Episcoporum‚
964 972 1048 1044 quae
1060 948 1110 1021 ad
1128 946 1257 1021 Ponti-

154 1058 286 1133 ficales
302 1060 396 1135 ritus
409 1085 479 1158 pro
493 1059 681 1135 Ecclesiis
696 1061 988 1136 cathedralibus
1002 1074 1180 1159 spectant
1194 1063 1257 1137 de-

155 1184 335 1268 sumeret
351 1184 466 1271 atque
483 1173 521 1249 in
539 1174 726 1273 anglicam
743 1173 909 1274 linguam
926 1186 1100 1250 verteret.
1136 1175 1256 1257 Quod

155 1286 279 1386 reipsd
294 1288 455 1363 fideliter
472 1300 511 1363 et
535 1288 681 1363 meliori
698 1314 773 1386 quo
791 1289 913 1388 potuit
937 1291 1053 1364 modo
1071 1290 1256 1388 praestitit,

155 1413 269 1500 atque
289 1427 385 1502 opus
404 1403 507 1501 quod
533 1427 581 1477 ex
599 1403 681 1501 jam
698 1403 865 1501 probatis
890 1404 1056 1479 sontibus
1079 1406 1255 1480 haustum

156 1518 255 1591 nulli
269 1520 367 1593 nord
383 1517 653 1617 approbatione
679 1517 847 1617 indigere
865 1531 1037 1617 putatum
1054 1532 1126 1614 est,
1142 1520 1180 1595 in
1204 1522 1256 1596 lu-

156 1656 241 1707 cem
266 1633 406 1731 prodiit
425 1632 622 1707 Baltimori
645 1633 714 1707 sub
736 1633 861 1709 titulo:
885 1633 921 1707 d
936 1633 1107 1708 Monuni
1127 1633 1177 1731 os
1194 1636 1256 1711 the

155 1749 389 1822 ceremmaies
404 1748 503 1821 used
516 1748 561 1821 in
577 1748 638 1821 tlte
659 1747 832 1822 Catholic
854 1747 1017 1822 Choreb.

205 1859 267 1935 De
284 1861 397 1961 hujus
415 1873 542 1937 autem
559 1861 642 1936 libri
657 1861 823 1936 editione
844 1862 1069 1960 rescriptum
1087 1863 1157 1938 fuit
1173 1864 1194 1938 d
1211 1864 1253 1939 S.

158 1975 466 2075 Congregatione
485 1976 534 2051 de
551 1975 803 2074 Propagandi
819 1975 917 2050 Fide
935 1976 986 2050 ad
1008 1976 1256 2053 Baltimoren-

156 2114 237 2164 sem
254 2089 609 2188 Archiepiscopum‚
621 2101 676 2184 ut,
688 2089 901 2187 priusquam
915 2089 1013 2188 typis
1027 2092 1255 2190 vulgaretur,

157 2204 460 2304 authograpbum
477 2203 645 2278 Romam
662 2204 828 2278 mitteret
845 2206 1141 2303 approbandum.
1185 2207 1256 2280 Ar·

156 2318 281 2393 bitrati
294 2330 382 2394 sunt
398 2319 531 2418 procul
544 2317 657 2392 dubio
672 2316 969 2392 Eminentissimi
980 2317 1118 2393 Patres
1132 2320 1264 2395 Caere--

158 2432 319 2508 moniale
337 2433 426 2507 illud
452 2456 591 2506 novum
608 2456 695 2505 esse
721 2456 830 2529 opus,
847 2445 886 2506 et
902 2457 1022 2506 novos
1040 2432 1097 2506 vel
1119 2434 1256 2531 peculi·

159 2572 242 2622 ares
268 2545 361 2623 ritus
387 2547 581 2624 continere
606 2547 645 2622 in
669 2546 909 2622 Provinciam
938 2547 1254 2624 Baltimorensem

159 2663 534 2738 subintroducendos.
589 2662 670 2736 Sed
688 2660 773 2736 cdm
791 2662 884 2736 liber
900 2661 950 2735 nil
974 2663 1073 2756 novi,
1089 2663 1254 2761 nihilque

159 2777 179 2851 a
195 2775 389 2853 consuetis
407 2776 595 2850 Romane
611 2775 800 2850 Ecclesiae
817 2775 947 2851 ritibus
965 2788 1004 2851 et
1021 2778 1254 2852 caeremoniis

157 2891 297 2967 nedbm
322 2890 562 2984 contrarium,
579 2891 648 2964 sed
665 2915 738 2965 nec
764 2891 926 2964 alienum
945 2890 1096 2987 quidem
1117 2916 1194 2989 prae
1211 2916 1254 2966 se

157 3006 266 3101 serat,
282 3017 322 3080 et
347 3005 538 3104 opusculis
553 3006 635 3104 jam
653 3005 674 3078 a
691 3005 956 3104 Superioribus
983 3006 1198 3102 approbatis
1216 3017 1257 3081 et

158 3121 297 3196 Romae
311 3119 482 3219 vulgatis,
495 3120 552 3194 vel
571 3119 758 3218 excerptis
777 3145 824 3193 ex
837 3118 1116 3216 Episcoporum
1131 3121 1255 3195 Caere-

157 3234 311 3310 moniali
327 3232 514 3310 conflatus
532 3234 678 3329 fuisset,
689 3234 785 3307 nova
802 3233 1072 3330 approbatione
1087 3232 1255 3333 indigere

157 3347 307 3424 minimd
329 3348 535 3443 videbatur,
551 3348 798 3446 vulgatusque
823 3347 960 3421 fuitne
983 3346 1119 3421 Clerus
1142 3348 1258 3422 Ame-

157 3463 311 3539 ricanus
328 3462 545 3537 necessario
563 3463 613 3537 ad
631 3486 761 3537 sacras
777 3459 1021 3536 coeremonias
1039 3459 1105 3535 rite
1121 3463 1259 3537 obeun-

159 3578 228 3653 das
247 3575 475 3651 adminiculo
493 3575 629 3651 diutius
655 3575 870 3674 privaretur.
923 3573 1129 3672 Exemplar
1145 3575 1256 3676 hujus

158 3690 467 3768 caeremoniarum
491 3689 682 3765 Manualis
708 3688 807 3787 typis
825 3689 1063 3789 impressum,
1079 3690 1153 3764 und
1169 3716 1257 3767 cum

158 3806 324 3883 decretis
349 3804 611 3902 manuscriptis
638 3803 754 3879 ultimi
781 3803 942 3879 Concilii
969 3804 1256 3881 Baltimorensis

159 3923 207 3997 ad
225 3922 268 3995 S.
284 3919 629 4019 Congregationem
646 3917 907 3993 transmissum
925 3930 998 4012 est,
1011 3943 1058 3991 ex
1075 3943 1152 4016 quo
1169 3944 1258 3994 con-

159 4048 260 4111 stare
278 4035 417 4134 poterit
434 4033 482 4108 de
496 4032 752 4131 expositorum
769 4032 945 4124 veritate3
971 4055 1055 4128 quae
1072 4032 1199 4105 omnia
1215 4046 1257 4108 ut

159 4150 179 4224 d
194 4150 436 4225 Beatitudine
450 4147 587 4222 Vestri
598 4158 682 4221 rata
698 4147 908 4221 habeantur
921 4155 1035 4242 atque
1050 4148 1257 4244 approben-

159 4276 230 4360 tur,
246 4263 448 4340 humillime
466 4274 598 4360 petunt
616 4261 940 4360 Archiepiscopus
958 4258 1257 4356 Baltimorensis‚

161 4380 316 4480 ejusque
335 4375 584 4477 Suffraganei.

307 4498 359 4570 ‘20
