2820 5010
564 367 793 418 recusamur.
1179 346 1229 417 45

182 544 229 620 V.
256 544 427 620 Monitos
452 544 624 618 volumus
650 543 829 641 prarsules
854 567 987 617 omnes
1014 544 1079 641 qui
1103 541 1229 639 aliqua

132 686 182 736 ex
215 684 382 735 causae
412 659 489 734 suis
521 658 745 733 dioecesibus
771 658 820 732 ad
850 669 1000 756 tempus
1034 658 1231 750 recedunt,

131 774 342 873 “legitimae
367 773 547 847 absentiae
572 769 745 865 causae,”
755 772 866 870 juxta
891 770 1105 846 Tridentini
1130 772 1232 848 Con·

134 888 208 962 cilii
226 888 421 962 decretum
440 887 554 982 (Sese.
573 884 726 978 XXIII,
740 886 832 982 Gap.
847 889 881 977 l,
891 885 938 959 de
954 884 1058 981 Res.)
1075 893 1129 975 “a
1144 886 1231 959 bea·

132 1001 278 1075 tissimo
296 1001 475 1075 Romano
501 999 703 1092 Pontifice,
719 1009 784 1073 aut
801 1022 824 1071 a
840 999 1142 1096 metropolitano,
1159 1000 1230 1093 vel,

132 1138 182 1188 eo
216 1117 386 1208 absente,
419 1113 657 1212 suffraganeo
695 1112 876 1211 episcopo
911 1113 1109 1210 antiquiori
1141 1114 1230 1188 resi·

134 1229 261 1322 dente,
288 1228 350 1326 qui
383 1229 483 1303 idem
518 1227 795 1325 metropolitani
824 1227 1031 1301 absentiam
1067 1229 1227 1324 probare

133 1343 298 1435 debebit,
330 1342 368 1416 in
402 1342 551 1441 scriptis
586 1365 671 1415 esse
706 1341 982 1439 approbandas.
1035 1340 1228 1422 Quoniam

132 1468 261 1530 autem
287 1455 350 1554 qui
374 1456 642 1554 aliquantisper
658 1467 804 1529 tantum
829 1455 978 1549 absunt,
995 1479 1043 1529 ex
1060 1467 1228 1530 veterum

133 1595 322 1645 canonum
340 1569 539 1662 sententia,
551 1593 628 1644 non
645 1568 816 1643 videntur
832 1568 981 1661 abesse,
997 1569 1085 1665 quia
1101 1569 1228 1643 statim

133 1684 318 1759 reversuri
335 1696 440 1777 sunt3
465 1683 556 1758 illud
574 1683 755 1758 absentiae
767 1681 929 1780 spatium
943 1681 1096 1781 singulis
1108 1683 1229 1778 annis,

134 1797 212 1875 sive
230 1799 462 1893 continuum,
472 1798 550 1873 sive
566 1798 826 1895 interruptum,
838 1797 941 1871 nullo
958 1811 1071 1895 pacto
1089 1798 1229 1872 debere

134 1913 231 1987 duos
245 1926 310 1988 aut
327 1915 376 1988 ad
394 1937 580 1987 summurn
597 1924 674 1987 tres
692 1936 843 1985 menses
855 1910 1078 1987 excedere.”
1129 1912 1230 1994 Qum

134 2027 345 2103 Tridentini
369 2028 505 2102 Patres
524 2028 572 2101 de
590 2027 760 2101 absentia
777 2039 929 2125 propter
954 2052 1089 2100 munus
1114 2028 1230 2125 publi·

135 2166 223 2216 cum
262 2142 499 2234 addiderunt,
531 2141 727 2217 recitanda
759 2140 859 2215 haud
894 2140 1080 2236 duximus,
1114 2168 1228 2239 quum

135 2256 241 2331 hisce
274 2256 312 2330 in
345 2256 559 2355 regionibus
594 2255 735 2331 nullum
769 2254 983 2355 hujusmodi
1012 2268 1152 2332 'munus
1180 2258 1229 2333 sit

136 2369 415 2469 episcopatibus
433 2372 662 2467 adjunctum.

184 2597 251 2673 vl.
288 2599 512 2674 Hortandos
537 2599 737 2698 episcopos
762 2597 899 2674 Patres
918 2614 1158 2694 censuerunt,
1175 2615 1229 2696 ut,

136 2713 198 2786 ubi
226 2713 307 2787 fieri
338 2714 487 2812 poterit,
509 2714 547 2787 in
574 2713 651 2787 suis
682 2712 906 2786 dioecesibus
937 2714 1081 2812 aliquos
1105 2740 1230 2791 sacor-

136 2828 245 2901 dotes
263 2839 387 2921 aetate,
400 2828 570 2920 scientia,
580 2828 664 2901 vitae
680 2826 904 2926 integritate,
921 2841 960 2900 et
977 2854 1100 2903 rerum
1117 2854 1229 2929 agen-

136 2942 268 3017 darum
284 2941 418 3041 peritia
430 2942 659 3039 conspicuos
677 2941 848 3039 seligant,
864 2965 959 3037 quos
979 2943 1228 3018 Consultores

135 3056 379 3150 constituant,
396 3068 435 3130 et
452 3081 609 3154 quorum
628 3055 834 3129 sententias
851 3054 889 3128 in
906 3055 1227 3133 administratione

136 3170 360 3263 dioeceseos,
376 3195 464 3245 cum
482 3194 577 3267 opus
595 3168 718 3261 suerit,
730 3167 935 3264 exquirant.
977 3167 1229 3245 Laudandam

135 3284 248 3358 etiam
275 3296 506 3358 censuerunt
531 3272 844 3357 consuetudinem
871 3281 1008 3355 alicubi
1041 3283 1228 3379 vigentem

135 3399 385 3473 consultores
412 3397 565 3496 singulis
592 3398 725 3471 saltem
751 3395 954 3488 mensibus,
972 3396 1031 3471 die
1058 3399 1229 3474 determi-

134 3523 237 3604 nato,
264 3512 512 3606 convocandi,
540 3524 582 3586 ut
615 3536 698 3609 quae
732 3511 780 3584 ad
815 3509 1008 3586 dioecesim
1043 3515 1230 3610 pertinent

135 3627 393 3702 discutiantur.

183 3855 271 3929 VII.
307 3855 439 3931 Visum
474 3868 533 3932 est
566 3856 743 3931 Patribus
773 3855 881 3930 valde
915 3855 1092 3954 expedire
1119 3868 1161 3931 ut
1190 3857 1228 3932 in

133 3993 360 4067 unaquaque
378 3970 535 4044 dioecesi
552 3970 830 4045 cancellariam
848 3981 990 4043 statuat
1007 3970 1231 4065 ordinarius,

133 4108 202 4180 pro
216 4083 386 4157 faciliore
399 4108 523 4158 rerum
537 4083 882 4158 ecclesiasticarum
896 4082 1229 4179 administratione,

132 4199 237 4272 etad
255 4199 428 4274 stabilem
453 4199 490 4272 in
515 4199 559 4273 iis
577 4198 737 4298 negotiis
755 4197 892 4297 agendi
909 4220 1079 4271 normam
1097 4224 1229 4273 conse-

133 4313 321 4409 quendam
