2820 5010
550 433 803 485 raovrrscmnn
830 435 854 484 1.
1204 410 1251 481 81

150 630 210 702 as,
225 607 272 684 iis
289 608 606 685 commendamus
624 633 708 684 eam
726 633 796 707 pro
813 609 887 684 uni
902 611 1048 684 tantbm
1066 607 1124 681 vel
1140 606 1257 681 alteri
1300 678 1303 683 .

152 721 237 799 vice
254 724 481 799 concedere.

201 835 349 913 XXIV.
388 837 436 915 In
470 838 596 913 divino
640 837 839 914 Sacrificio
874 836 1103 912 celebrando
1147 837 1257 911 detur

153 976 273 1051 opera
297 952 507 1052 diligenter,
532 965 574 1029 ut
599 953 726 1028 omnia
750 952 938 1027 Altarium
964 962 1199 1045 omamentn,
1219 962 1258 1025 et

153 1089 267 1141 sacra
283 1090 375 1143 rasa
390 1067 467 1142 sint
481 1067 642 1159 munda3
661 1090 740 1142 non
756 1067 860 1142 loeda
876 1067 1100 1165 corporalia,
1116 1066 1175 1139 vel
1193 1089 1258 1163 pu·

155 1179 379 1273 rilicatoria3
404 1205 481 1257 non
499 1192 625 1256 vestes
641 1180 791 1275 lacerae,
807 1180 867 1255 vel
889 1180 1130 1271 indecentes3
1154 1179 1259 1253 indu-

154 1294 211 1371 sia
226 1294 315 1371 verb
332 1296 465 1395 privati
481 1296 684 1395 apparatis
702 1298 772 1371 sub
791 1296 931 1371 amictu
950 1307 989 1369 et
1006 1297 1088 1370 albi
1104 1296 1259 1388 lateant,

155 1408 209 1484 ita
224 1424 268 1486 ut
290 1434 367 1485 non
392 1409 589 1504 indecoro,
604 1410 663 1485 vel
686 1412 878 1485 mundano
902 1434 1010 1484 more
1032 1421 1259 1507 appareant,

155 1547 228 1599 nec
246 1523 452 1621 quidquam
469 1524 593 1599 Alteri
612 1526 824 1620 tremendo,
841 1524 899 1599 vel
921 1525 1257 1598 sacramentorum

156 1636 480 1714 administratione
497 1638 691 1738 indignum
709 1638 767 1713 sit.

203 1750 332 1826 XXV.
360 1751 616 1828 Vehementer
641 1753 836 1827 hortamur
861 1753 1065 1847 Praesules,
1089 1764 1132 1827 ut
1157 1753 1258 1827 omni

156 1866 283 1942 studio
311 1881 447 1943 curent
474 1868 779 1943 Consessionalia
808 1868 989 1966 erigenda
1018 1868 1055 1942 in
1085 1869 1258 1943 omnibus

157 1979 345 2058 Ecclesiis
370 1981 529 2081 publicis
554 1982 666 2080 hujus
692 1981 919 2057 Provinciae:
945 1993 997 2075 et,
1018 1980 1104 2057 clim
1130 1992 1260 2056 erecta

157 2096 306 2191 lirerint,
321 2097 462 2173 nemini
479 2098 735 2173 Sacerdotum
761 2097 888 2174 licebit
903 2097 1165 2172 consessiones
1183 2123 1261 2171 mu-

157 2211 288 2289 lierum
305 2210 381 2289 alio
402 2213 440 2288 in
464 2211 552 2288 loco
575 2212 766 2310 excipere,
781 2213 863 2288 sine
887 2211 1043 2310 speciali
1069 2211 1259 2287 Ordinarii

157 2324 317 2402 licentia.
369 2326 486 2403 Hane
504 2325 592 2401 verb
616 2327 807 2424 nunquam
832 2326 1121 2401 concedendam
1146 2322 1262 2401 conli-

158 2440 295 2534 dimus,
324 2440 573 2539 praeterqubm
603 2440 879 2516 Sacerdotibus
913 2452 1025 2515 aetate
1059 2441 1262 2539 provectis,

159 2556 217 2631 vel
240 2556 410 2650 infirmis,
435 2557 492 2631 vel
518 2556 567 2630 ob
598 2555 824 2654 prenitentes
849 2556 1004 2649 surdas3
1029 2557 1088 2630 vel
1115 2556 1195 2630 aliis
1223 2557 1260 2631 in

158 2671 323 2764 casibus,
339 2671 378 2747 in
399 2672 533 2770 quibus
552 2695 600 2746 ex
618 2671 728 2771 hujus
753 2672 893 2772 regular
919 2672 1156 2747 observantis
1181 2697 1261 2771 gra-

160 2785 220 2861 via
235 2786 423 2861 orirentur
446 2786 699 2860 incommoda
751 2785 852 2860 Eam
868 2785 982 2859 ctiam
1004 2784 1261 2860 conditionem

161 2924 311 2999 semper
327 2900 580 2999 adjiciendam
598 2901 783 2993 volumus,
795 2913 838 2974 ut
849 2899 1038 2997 uunquim
1057 2900 1262 2974 confessio-

158 3038 227 3089 nes
252 3014 451 3090 mulierum
475 3014 513 3089 in
538 3013 690 3113 privatis
716 3014 872 3106 sedibus,
888 3013 960 3087 nisi
981 3037 1050 3110 per
1066 3024 1192 3087 crates
1209 3013 1261 3087 in-

159 3129 377 3228 terpositas,
393 3142 432 3205 et
448 3130 486 3205 in
503 3130 592 3205 loco
610 3129 766 3227 patenti,
777 3127 957 3226 quantum
976 3150 1044 3225 per
1061 3128 1137 3203 loci
1153 3129 1263 3203 ratio-

159 3268 248 3322 nem
265 3245 406 3339 licebit,
423 3245 667 3344 excipiantur.

208 3358 358 3434 XXVI.
384 3358 570 3434 Pastores
590 3359 798 3433 animarum
820 3381 1019 3432 monemus
1036 3369 1091 3451 ut,
1108 3358 1165 3433 sui
1187 3359 1264 3434 olli·

160 3471 209 3547 oii
224 3497 428 3568 memores,
441 3499 592 3548 omnem
606 3473 811 3548 adhibeant
824 3470 1114 3547 sollicitudinem
1128 3473 1178 3547 ad
1195 3473 1263 3551 ritb

163 3586 421 3686 disponendos
455 3588 588 3663 fideles
621 3587 685 3686 qui
718 3598 998 3662 sacramentum
1032 3586 1266 3663 Matrimonii

161 3702 355 3801 suscipere
369 3701 502 3794 velint,
517 3726 591 3777 nec
603 3726 646 3776 se
659 3713 821 3800 peccato
835 3701 1021 3777 immunes
1036 3701 1264 3797 existiment,

163 3816 196 3892 si
207 3816 352 3892 temere
366 3817 554 3915 quoslibet
566 3815 763 3892 manifeste
776 3816 951 3917 indignos
963 3817 1136 3915 jungant.
1188 3817 1267 3893 Re·

162 3945 301 4010 vocent
313 3933 426 4033 igitur
438 3932 633 4007 Fidelibus
650 3932 688 4007 in
701 3932 922 4007 memoriam
935 3932 1150 4008 Tridentini
1164 3934 1266 4009 Con·

162 4047 236 4124 cilii
261 4047 541 4146 sapientissima
567 4046 639 4122 hac
666 4046 704 4123 in
728 4071 771 4123 re
796 4047 951 4140 monita,
977 4072 1098 4147 eaque
1125 4050 1266 4123 servari

162 4177 306 4239 curent.
361 4163 424 4237 Ea
454 4163 568 4237 etiam
598 4162 726 4236 omnia
755 4188 841 4261 quse
870 4162 891 4235 ir
920 4162 1265 4259 predecessoribus

165 4277 303 4352 nostris
317 4277 354 4351 in
369 4277 531 4376 Synodo
546 4290 584 4351 et
599 4278 800 4352 Conventu
817 4274 979 4351 antehac
997 4276 1145 4371 habitis,
1156 4278 1267 4375 juxta

166 4390 206 4464 S.
233 4391 349 4467 Sedis
376 4405 416 4469 et
433 4392 691 4470 conciliorum
717 4391 962 4493 probatorum
988 4391 1266 4486 auctoritatem,

318 4512 361 4579 ll
886 4516 889 4523 '
