2820 5010
163 391 236 459 150
445 409 657 460 conomiuu
684 408 972 461 asurruonsusa

160 585 265 660 ducti
295 610 438 680 sumus,
466 586 564 661 sicut
594 599 633 659 et
662 584 856 659 uniformis
887 585 1095 685 disciplima
1123 584 1252 660 studio.

160 700 369 774 Precamur
386 700 497 800 igitur
513 699 792 775 Beatitudinem
811 700 989 775 Vestram
1006 711 1049 775 ut
1064 700 1156 774 velit
1178 723 1255 775 nos

159 815 227 888 tris
245 840 412 889 annuere
429 814 641 889 humillimis
659 814 845 914 precibus.

209 929 419 1023 Baltimori,
434 933 484 1003 22
501 928 641 1028 Aprilis
662 931 768 1003 1837.

546 1226 871 1324 lllldelTUll

160 1469 189 1518 S.
218 1467 545 1519 CONGREGA'l’lONIS
572 1467 781 1518 causatus
807 1468 857 1518 DE
884 1466 1134 1518 morlanum
1160 1466 1258 1538 FIDE,

209 1585 258 1634 DE
290 1583 585 1634 DISPENSATlONE
615 1583 734 1633 SUPER
760 1582 915 1633 saluum
945 1582 1069 1632 FERIIS
1097 1581 1258 1641 ausarls

208 1698 417 1748 ADVENTUS.

229 1853 311 1929 UM
337 1852 430 1927 RR.
449 1851 529 1925 ΡΡ.
552 1852 642 1925 DD.
662 1851 986 1951 Archiepiscopus
1009 1851 1259 1927 Baltimoren·

246 1967 297 2041 sis
311 1980 350 2040 et
367 1965 550 2064 Episcopi
564 1966 771 2040 dioecesum
783 1966 822 2041 in
838 1966 1054 2041 Foederatis
1068 1966 1260 2043 Americoe

159 2079 473 2178 septentrionalis
507 2079 716 2154 Provinciis
746 2079 999 2174 existentium,
1027 2079 1066 2154 in
1096 2081 1259 2179 Synodo

157 2193 385 2269 Provinciali
409 2218 541 2267 mense
564 2192 686 2292 Aprili
711 2217 812 2268 armo
838 2196 933 2268 1837
957 2194 1149 2269 celebrata
1170 2220 1260 2271 con·

157 2308 315 2407 gregati,
329 2308 460 2383 SSfr‘ro
477 2308 567 2381 Duo
584 2306 634 2395 N.
648 2307 855 2382 Gnasonro
875 2306 956 2382 ΡΡ.
970 2307 1081 2405 XVI,
1097 2310 1260 2409 supplici

156 2424 281 2499 libello
307 2422 476 2497 Romam
493 2423 624 2517 misso,
640 2422 834 2497 retulerint
856 2446 1033 2522 magnam
1057 2448 1145 2499 esse
1169 2425 1261 2500 diffi-

157 2542 338 2615 cultatem
352 2538 550 2636 quominus
565 2539 755 2614 Catholici
772 2539 810 2612 in
823 2538 868 2612 iis
881 2538 1097 2638 regionibus
1110 2564 1260 2615 moran-

155 2669 228 2749 tes,
252 2655 352 2729 seriis
381 2653 523 2751 quartis
549 2653 747 2726 Adventus
770 2652 944 2751 jejunare
970 2665 1009 2726 et
1034 2651 1056 2725 a
1080 2653 1258 2730 carnibus

156 2771 345 2844 abstinere
371 2769 529 2867 possint,
549 2780 663 2864 atque
689 2767 830 2844 idcircd
857 2767 1110 2842 sanctitatem
1136 2768 1258 2844 Suam

156 2886 299 2984 precati
317 2884 453 2958 fuerint
471 2896 512 2957 ut
530 2908 643 2980 super
661 2884 705 2956 ed
721 2907 762 2956 re
780 2882 1101 2980 dispensationem
1124 2882 1258 2983 imper·

156 3001 215 3074 tiri
237 3000 466 3099 dignaretur,
483 2997 629 3071 ratione
648 2996 763 3070 etiam
788 2996 913 3071 habita
936 2996 1036 3093 quod
1061 3021 1140 3072 non
1157 3023 1259 3074 com·

155 3114 277 3189 munis
304 3114 352 3187 sit
382 3113 419 3186 in
445 3111 600 3186 diversis
631 3111 701 3185 illis
728 3110 955 3186 dioecesibus
981 3111 1030 3185 de
1054 3111 1189 3209 jejunii
1218 3124 1257 3187 et

155 3228 390 3304 abstinentiae
411 3227 640 3326 obligatione
663 3226 881 3300 memoratis
904 3226 1045 3323 quartis
1070 3226 1172 3301 seriis
1194 3228 1257 3303 ob

154 3345 335 3437 servati03
363 3344 403 3417 S.
425 3341 682 3442 Congregatio
707 3341 905 3415 Generalis
929 3341 977 3415 de
1003 3341 1257 3442 Propagandi

154 3460 264 3551 Fide,
277 3458 405 3532 habita
423 3457 483 3530 die
502 3461 525 3528 3
542 3456 568 3529 J
570 3456 633 3530 ulii
650 3479 750 3530 anno
771 3460 880 3550 1837,
891 3455 1078 3530 referente
1096 3456 1201 3532 Effio
1218 3470 1257 3532 et

153 3575 260 3649 Rmo
290 3573 339 3646 D.
371 3570 521 3643 Jacoao
544 3570 731 3645 Pmmrro
757 3571 999 3665 Fannsomo,
1026 3570 1068 3644 S.
1098 3572 1256 3647 Consilii

154 3688 358 3780 Praefecto,
375 3685 522 3760 censuit
548 3709 594 3760 ac
617 3686 784 3760 decrevit
808 3686 1097 3784 supplicandum
1124 3687 1256 3763 SSno

153 3804 243 3877 Duo
260 3801 404 3875 Nostro
423 3824 491 3897 pro
511 3801 628 3898 gratia
640 3800 749 3898 juxta
765 3800 894 3898 petita.

203 3918 319 3992 Hanc
337 3927 463 3989 autem
484 3915 525 3988 S.
542 3915 859 4014 congregationis
878 3914 1103 3989 sententiam
1123 3914 1256 3991 ssnro

152 4034 242 4109 Dno
268 4031 412 4105 Nostro
430 4031 588 4104 relatam
607 4032 653 4104 ab
679 4030 729 4104 R.
749 4029 794 4104 P.
813 4030 863 4103 D.
882 4030 1049 4104 Ascsno
1068 4029 1194 4125 Maro,
1211 4030 1254 4106 S.

153 4146 312 4225 Consilii
339 4146 571 4239 Secretario,
591 4145 628 4218 in
655 4144 843 4220 audientia
868 4144 941 4219 diei
966 4149 990 4218 9
1013 4143 1118 4239 Julii,
1135 4145 1256 4222 Sanc·

150 4263 238 4337 titas
265 4261 348 4334 Sua
374 4259 533 4360 benigne
560 4260 598 4333 in
624 4259 798 4335 omnibus
824 4259 1008 4358 probavit,
1033 4271 1072 4333 et
1098 4260 1255 4358 petitam

152 4376 471 4475 dispensationem
490 4374 714 4472 Apostolicd
730 4374 933 4449 autoritate
950 4373 1155 4448 concessit
