2820 5010
542 129 792 181 saoviucmuu
819 129 865 179 vi.
1173 105 1243 176 241
1279 179 1281 183 ,

336 398 520 511 'Qunam
540 433 837 497 couoaaenuo
859 433 1051 497 autumn.

201 650 281 725 Dus
306 649 402 726 Maii
428 655 487 743 15,
507 649 635 724 habita
657 660 718 724 est
739 659 873 746 quarta
896 647 1151 748 Congregatio
1176 645 1246 745 pri-

156 776 253 861 vata,
269 767 401 841 eadem
418 765 509 840 hora
525 776 564 839 et
580 765 667 840 loco
684 763 817 861 quibus
835 761 963 859 prima.

201 880 445 955 Gensuenmt
470 879 606 953 Patres
631 877 917 977 supplicandum
943 875 984 950 S.
1011 874 1117 967 Sedi,
1141 873 1244 948 utin

152 994 325 1070 omuibus
342 994 557 1070 Foederatae
569 993 758 1068 Americae
774 989 995 1083 Provinciis,
1004 988 1043 1064 in
1054 987 1193 1062 Officio
1207 999 1247 1063 ct

152 1104 274 1183 Missi
290 1107 562 1207 conceptionis
585 1105 630 1182 Β.
649 1106 795 1200 Maria,
810 1105 923 1181 liceat
943 1103 980 1178 in
999 1102 1244 1177 Orationibus

153 1233 193 1296 et
216 1222 444 1298 Praefatione
467 1221 610 1296 addere
632 1223 747 1296 verba
769 1219 1043 1311 Immaculata,
1059 1218 1247 1292 homocu-

152 1337 244 1432 ua,
255 1349 296 1412 et
307 1338 346 1413 a
363 1336 523 1412 mam
535 1336 706 1434 ejusdem
719 1335 764 1408 a.
778 1332 924 1427 uarie,
936 1312 981 1420 1.
995 1333 1150 1433 Regino
1161 1333 1245 1407 am

151 1451 238 1527 lade
258 1451 466 1552 Gmtcepta,
481 1475 553 1526 ora
561 1474 639 1550 pro
655 1449 776 1524 nodio.

122 1606 126 1611 ·
200 1564 354 1640 Deinde
371 1566 487 1640 latum
508 1575 568 1638 ost
590 1564 800 1639 Decretum
822 1560 879 1636 II:
904 1562 965 1636 Dc
982 1561 1131 1636 clericis
1148 1560 1245 1635 ordi·

151 1679 386 1756 mundiale
401 1680 610 1754 mammas.
987 1668 992 1679 '

229 1922 390 1996 QUINTA
411 1922 464 1983 ΕΤ
486 1919 646 1982 ULTIMA
668 1920 963 2006 CONGREGATIO
984 1918 1172 1981 PUBLICA.

201 2133 281 2208 Dm
308 2141 354 2208 15
377 2133 484 2228 Maii,
499 2133 592 2208 hori
607 2134 738 2229 quarta
760 2130 804 2207 P.
823 2130 878 2205 M.
898 2130 1025 2206 habita
1041 2143 1101 2205 est
1117 2131 1246 2228 quinta
1295 2130 1296 2135 ’

154 2259 191 2321 et
207 2246 338 2322 ultima
354 2246 611 2346 congregatio
633 2247 794 2345 publica,
811 2246 946 2319 eodem
964 2246 1078 2319 modo
1096 2257 1134 2319 et
1157 2246 1243 2320 loco

154 2361 287 2458 quibus
305 2361 432 2459 prima.

356 2605 514 2677 QUINTA
536 2605 832 2665 CONGREGATIO
854 2605 1043 2664 PRIVATA.

203 2807 281 2881 Diu
296 2808 389 2882 Maii
406 2813 463 2903 16,
473 2809 600 2883 habita
611 2820 670 2882 est
683 2808 812 2905 quinta
823 2808 1078 2908 Congregatio
1091 2809 1246 2906 privata,

155 2923 292 2997 eodem
308 2924 396 2998 loco
414 2935 453 2997 et
468 2923 560 2997 hora
576 2922 708 3019 quibus
726 2922 854 3020 prima.

203 3036 305 3112 Lata
321 3049 409 3112 sunt
425 3036 607 3130 Decreta,
617 3035 696 3110 III:
714 3037 775 3109 De
790 3036 1021 3110 Bannorum
1033 3037 1246 3137 proclamo

154 3152 257 3226 tione
267 3150 349 3242 ,·1v
357 3178 366 3227 ε
382 3152 444 3226 De
454 3152 787 3226 adnumotratt’mw
796 3164 1127 3227 sacramentomm
1139 3153 1247 3229 didc-

153 3264 254 3341 lidus
265 3289 316 3340 cx
326 3266 416 3341 aliia
432 3265 666 3359 diaconiae,
679 3276 717 3339 et
734 3263 785 3339 V:
801 3266 863 3340 Dc
873 3268 1055 3365 proximo
1073 3266 1245 3343 Concilio

153 3378 394 3455 Provinciuli
416 3379 624 3454 Bultimori
646 3379 833 3472 habendo,
854 3404 958 3454 anuo
984 3383 1092 3475 1849,
1113 3380 1246 3457 Domi-

152 3493 243 3569 m’od
257 3495 284 3565 4
292 3503 387 3592 post
402 3492 568 3568 Pascite.

201 3606 411 3705 Postquim
419 3607 1247 3689 discessissetlllffiusacRevffiusD.Archi·

154 3720 369 3821 episcopus,
398 3722 539 3821 gratias
567 3723 816 3821 amplissimas
846 3723 882 3798 ei
909 3727 1078 3824 agendas
1108 3728 1245 3804 Patres

153 3846 378 3931 statuerunt,
395 3837 444 3910 ob
461 3861 688 3935 propensam
708 3837 745 3912 in
766 3838 869 3936 ipsos
887 3840 1129 3935 voluntatem,
1145 3868 1246 3918 man·
1284 3856 1293 3870 ⁸

153 3949 405 4044 suetudinem,
432 3951 725 4050 comitatemque
755 3978 867 4052 quam
900 3953 990 4052 ipsis
1021 3956 1245 4051 exhibuerin

154 4065 359 4252 quantiqpp
386 4065 529 4142 faciant
556 4069 711 4144 modum
741 4069 913 4144 onmibus
942 4073 1140 4169 probatum
1171 4099 1245 4170 quo
