2820 5010
510 432 763 486 raovrucrnus
790 434 838 485 iv.
1155 412 1226 487 175
1365 504 1368 511 Ι

173 611 307 713 illigo
340 611 536 705 Mannum,
564 544 1015 711 upiscflroboqoenus,
1043 608 1229 707 destruere

135 728 557 944 ”lffimllucmnus
573 840 685 935 Prus,
698 841 827 941 llpisc.
841 840 1030 915 Nasboill.
1045 840 1230 939 definieris

135 958 586 1173 Ἣηςξαὸωιεετιυυε
607 1069 796 1144 annrus
817 1067 1083 1164 Lnunuurrus,
1098 1069 1229 1171 Epire.

135 1187 541 1289 Vmcennopolitunus,
558 1185 742 1282 definiam
759 1184 982 1282 subscripsi.

177 1302 404 1378 concordat
428 1326 517 1377 cum
543 1298 714 1400 originali
737 1298 776 1372 in
802 1297 979 1372 Archivis
1003 1298 1143 1373 nostris
1169 1299 1232 1374 de-

135 1427 266 1515 pom
646 1515 665 1606 †
691 1513 868 1607 Siarum,
883 1511 1058 1612 Arcltiep.
1077 1513 1180 1588 But.

179 1674 266 1750 Uni
286 1699 374 1751 cum
395 1671 465 1749 illis
488 1670 680 1767 Decretis,
696 1671 789 1746 RR.
808 1671 889 1746 ΡΡ.
908 1671 998 1746 DD.
1011 1670 1232 1785 'Archiepis

135 1813 252 1889 copus
283 1786 569 1863 Baltimorensis
599 1798 638 1862 et
668 1785 853 1885 Episcopi
882 1785 994 1884 supri
1022 1785 1233 1881 memorati,

135 1914 356 2003 sequentem
391 1902 627 2002 Synodalcm
660 1901 860 2001 epistolam
894 1901 943 1977 ad
979 1899 1232 1978 Sanctitatem

135 2018 255 2094 Suam
271 2017 463 2095 miserunt.

282 2533 531 2595 BEATISSlMO
552 2532 674 2594 PATRI
694 2532 857 2594 NOSTRO
878 2530 1090 2595 GREGORIO

377 2736 510 2788 mvntn
527 2735 782 2787 Puovmnurrn
800 2736 901 2787 PAPAE
919 2737 999 2811 xvl,

137 2912 456 3014 Arcbiepiscopus
495 2913 806 3016 Baltiruoreusie,
842 2913 1028 3015 Episcopi
1068 2915 1238 3014 uncum

185 3027 420 3121 Proviuciae,
443 3039 558 3127 atqcue
585 3053 720 3102 corum
746 3026 964 3126 confratres
990 3030 1034 3103 iu
1062 3031 1236 3107 Concilio

185 3153 326 3241 quarto
343 3142 621 3217 Bultimoreusi
636 3141 767 3216 babitu
783 3167 914 3217 meuse
929 3142 1043 3218 Mau
1064 3146 1169 3218 1840.

140 3354 222 3554 ΙΝ
223 3353 343 3430 TER
360 3354 519 3456 plurima
531 3380 616 3454 quae
628 3355 760 3431 diebus
773 3355 912 3431 nostris
925 3356 1144 3433 Ecclesiam
1157 3384 1238 3459 per·

208 3471 376 3565 turbant,
392 3481 432 3546 et
448 3485 606 3570 paterno
624 3470 732 3545 cordi
750 3468 973 3546 Sanctitatis
991 3470 1089 3547 Tuae
1104 3473 1239 3549 moles·

140 3583 229 3659 tiam
255 3583 428 3678 alienant,
452 3609 529 3659 non
559 3584 699 3658 leviora
724 3585 900 3661 habenda
924 3598 1012 3662 sunt
1036 3612 1121 3687 quae
1146 3588 1239 3665 deri-

140 3709 274 3773 vantur
298 3722 346 3772 ex
369 3698 695 3797 persecutionibus
719 3698 852 3796 quibus
874 3698 914 3773 in
937 3700 1048 3775 variis
1073 3701 1241 3802 Europae

140 3813 342 3889 ditionibus
360 3814 408 3888 ab
426 3813 628 3888 ambitione
646 3812 705 3887 vel
726 3813 747 3887 i
767 3813 949 3911 pravitate
971 3814 1103 3916 religio
1120 3818 1241 3916 oppri-

140 3929 262 4004 mitur.
314 3927 352 4002 Ο
384 3939 601 4026 portentum
630 3926 790 4002 maxime
821 3928 1043 4005 dolendum!
1092 3929 1139 4005 In
1169 3932 1240 4008 illis

141 4041 231 4142 ipsis
248 4041 479 4142 regionibus,
491 4042 555 4117 ubi
568 4041 657 4115 olim
670 4065 781 4141 reges
795 4042 937 4141 inclyti,
948 4043 1114 4143 religiosi
1127 4058 1241 4144 atque

142 4169 330 4256 potentes,
346 4157 660 4257 appellationibus
685 4157 979 4233 catholicissimi
1001 4159 1059 4234 vel
1085 4160 1243 4237 Fidelis-

142 4272 225 4348 simi
242 4272 510 4374 gloriabantur,
527 4271 637 4348 hodie
654 4271 751 4347 inter
775 4273 944 4372 perditos
961 4298 1087 4350 mores
1113 4300 1244 4374 prooe-

138 4412 238 4485 rum,
274 4388 410 4465 vimute
448 4388 587 4488 pariter
623 4400 739 4486 atque
775 4389 961 4466 bonorum
994 4389 1243 4466 estimatione
