2820 5010
150 337 200 407 40
435 358 648 409 conciatura
673 356 963 409 anarruoasnsa
1039 318 1049 330 ⁸

513 633 653 695 snss10
675 633 883 706 SECUNDA,

362 824 408 873 ΕΤ
434 822 550 873 rainu
577 821 843 872 conestabulo
870 821 1039 873 salvum.

200 998 299 1074 DIE
327 1006 348 1073 5
374 998 569 1091 Octobris,
593 998 767 1073 Revffius
798 997 1015 1097 Episcopus
1041 996 1248 1072 Bardensis

152 1112 315 1189 Sacrum
339 1112 554 1206 celebravit,
576 1111 853 1209 pontificalibus
878 1113 1045 1206 indutus,
1067 1111 1249 1186 adsisten-

151 1229 250 1304 tibus
275 1229 386 1303 luno
410 1226 459 1302 D.
478 1226 782 1325 Archiepiscopo
804 1252 851 1302 ac
877 1226 1038 1302 Revr‘ttis
1064 1226 1250 1318 Praelatis,

152 1343 364 1440 ceterisque
389 1342 624 1417 Doctoribus
642 1353 681 1415 et
698 1341 909 1441 Theologis
927 1341 1089 1417 Concilii
1105 1341 1250 1439 adjuto

151 1457 272 1550 ribus3
293 1456 595 1555 Archiepiscopo
614 1455 760 1531 scilicet
776 1457 965 1550 rochetto,
981 1455 1089 1548 stola,
1100 1454 1251 1554 pluviali
1301 1542 1306 1551 q

152 1597 240 1648 cum
269 1571 397 1663 mitra,
426 1570 610 1669 Episcopi
639 1570 858 1668 pluvialibus
889 1594 1005 1668 supra
1033 1570 1249 1644 rochettum

152 1712 240 1762 cum
253 1685 390 1777 mitris,
407 1683 560 1758 Vicario
579 1683 746 1782 generali
760 1683 985 1782 Apostolico
1003 1683 1153 1781 pluviali
1170 1684 1251 1757 abs·

152 1825 226 1899 que
244 1799 368 1892 mitrrl3
385 1796 618 1872 Doctoribus
636 1795 819 1871 Marianis
838 1798 1013 1873 rochetto
1031 1809 1071 1872 et
1087 1805 1250 1871 mozzet·

152 1916 201 2008 td,
223 1912 360 1988 ceteris
384 1910 471 1986 verb
498 1911 772 1986 Sacerdotibus
798 1911 1072 2011 superpelliceo
1098 1910 1248 1986 indutis.

202 2028 300 2103 Post
319 2027 494 2119 Sacrum,
511 2037 550 2098 et
567 2024 792 2100 concionem
810 2027 859 2101 ab
882 2026 1036 2101 Revmo
1053 2024 1250 2124 Episcopo

153 2140 464 2239 Carolopolitano
488 2139 667 2233 habitam,
690 2141 858 2237 psalmus
880 2153 920 2215 et
940 2141 1117 2238 hymnus,
1138 2149 1251 2238 prout

151 2257 191 2331 in
220 2255 435 2330 Pontificali
468 2254 650 2328 Romano
680 2255 945 2351 praescribitur,
974 2255 1122 2330 recitati
1151 2265 1249 2329 sunt

152 2370 304 2445 Deinde
328 2367 480 2442 Praelati
502 2368 541 2442 in
565 2368 824 2443 Secretarium
846 2368 1153 2467 Metropolitanae
1178 2367 1252 2443 Ec·

153 2484 280 2562 clesiae
296 2494 556 2574 recesserunn
574 2494 612 2556 et
624 2482 750 2579 januis
764 2483 917 2577 clausis,
929 2484 1012 2558 solo
1031 2482 1251 2558 Secretario

154 2625 242 2675 cum
266 2596 383 2696 ipsius
402 2597 574 2694 adjutore
601 2609 800 2694 praesente,
817 2599 865 2671 de
889 2597 1099 2672 condendis
1123 2597 1251 2672 decre-

152 2714 201 2789 tis
219 2723 386 2811 egerunt.
438 2710 592 2785 Interea
615 2723 742 2785 autem
766 2711 827 2784 alii
851 2736 983 2786 ornnes
1001 2737 1049 2786 ex
1075 2710 1252 2787 Ecclesia

154 2826 297 2927 egressi
315 2838 413 2901 sunt.

201 2939 370 3017 Primbm
400 2939 564 3037 quidem,
594 2940 852 3014 demandato
887 2938 1045 3015 Patrum
1076 2939 1251 3034 Consilii,

153 3055 392 3131 Secretarius
411 3052 615 3128 admoddm
637 3053 735 3127 Rev.
753 3053 940 3128 Jolnnau
962 3054 1126 3149 Powaa,
1142 3055 1253 3130 Vica-

153 3171 247 3245 rium
258 3168 486 3243 Generalem
497 3167 1076 3267 Neo-Eboracensemipsorum
1087 3169 1253 3261 nomine,

153 3310 220 3384 per
238 3283 437 3382 epistolam
458 3282 623 3357 invitavit
644 3295 685 3357 ut
707 3282 1075 3382 Congregationibus
1093 3308 1251 3381 vespere

154 3398 351 3491 habendis,
367 3422 455 3471 cum
472 3398 610 3471 ceteris
628 3397 838 3497 Theologis
855 3397 1066 3471 interesset.

203 3512 354 3587 Deinde
373 3523 576 3607 sequentes
593 3512 732 3609 regulae
748 3511 787 3586 in
803 3511 1172 3611 Congregationibus
1189 3514 1252 3588 ob

154 3628 350 3704 servandac
366 3624 530 3699 conditae
547 3638 650 3699 sunt:

207 3749 238 3815 1.
266 3739 430 3815 Cuilibet
447 3737 732 3838 Theologorum
751 3738 900 3815 dicendi
919 3739 1159 3834 sententiam,
1176 3766 1251 3837 quo

156 3858 265 3933 sedet
276 3853 420 3947 ordine,
430 3853 590 3927 facultas
603 3855 731 3946 datur,
745 3855 924 3952 incipient
935 3868 1062 3930 autem
1070 3856 1252 3953 juniores.

153 3979 188 4047 2.
214 3970 361 4044 Omnes
375 3968 567 4042 Remum
582 3969 631 4043 D.
647 3969 990 4067 Archiepiscopum
1003 3970 1254 4068 alloquantur,

154 4084 307 4162 alternis
324 4083 561 4158 sermonibus
585 4083 681 4157 inter
699 4109 740 4158 se
765 4083 1018 4178 abstinebunt,
1035 4097 1148 4182 atque
1173 4087 1254 4160 bre·

156 4200 271 4294 vitati,
288 4198 466 4297 quantdm
484 4198 564 4273 fieri
586 4198 735 4297 poterit,
752 4200 960 4274 consulent.
1014 4203 1047 4273 3.
1075 4198 1255 4275 Praelato

157 4344 239 4395 rum
257 4314 452 4391 sententiae
469 4315 507 4388 in
525 4314 892 4413 Congregationibus
910 4339 987 4389 non
1004 4318 1253 4416 rogabuntur,
