2820 5010
591 367 821 422 rnunamvu.

356 676 586 769 FORMA
636 675 1056 771 JURAMENTI.

154 896 183 937 “
263 889 339 965 GO
365 889 415 965 N.
441 890 549 964 firma
565 889 640 964 fide
657 890 775 965 credo
801 902 841 966 et
865 892 1045 991 profiteor
1060 892 1200 987 omnia,
1216 902 1256 967 et

288 1003 448 1104 singula,
458 1029 542 1102 quae
558 1003 798 1079 continentur
814 1005 852 1080 in
867 1006 1051 1104 Symbola
1065 1006 1165 1100 fidoi,
1178 1031 1254 1104 quo

158 1131 296 1200 sancta
312 1118 493 1195 Romana
512 1118 693 1194 Ecclesia
709 1118 843 1213 utitur,
867 1119 1054 1214 videlicet,
1071 1119 1200 1195 Credo
1216 1120 1256 1195 in

159 1258 277 1308 unum
288 1233 430 1327 Deum,
442 1233 597 1309 Patrem
611 1232 907 1331 omnipotentem
919 1233 1105 1309 factorem
1118 1233 1204 1310 coeli
1217 1244 1257 1309 et

158 1361 282 1451 terrae,
292 1348 487 1423 visibilium
501 1348 679 1442 omnium,
689 1360 728 1423 et
739 1347 985 1424 invisibilium.
1024 1348 1256 1425 Etinunum

160 1462 368 1537 Dominum
382 1461 409 1536 J
412 1487 527 1538 esum>
537 1461 744 1556 Christum,
760 1461 898 1538 Filium
919 1462 995 1537 Dei
1012 1463 1254 1562 unigenitum.

161 1575 215 1650 Et
230 1601 280 1652 ex
295 1577 412 1651 Patre
437 1589 569 1652 natum
594 1587 683 1650 ante
700 1577 828 1652 omnia
852 1579 1002 1652 saecula.
1053 1577 1181 1653 Deum
1207 1579 1255 1653 de

160 1691 262 1784 Deo,
277 1692 405 1766 lumen
430 1691 479 1766 de
503 1689 657 1785 lumine,
681 1690 809 1766 Deum
836 1715 965 1766 verum
983 1692 1031 1767 de
1047 1692 1136 1766 Deo
1154 1717 1254 1767 vero.

161 1805 353 1900 Gonitum,
377 1830 453 1881 non
480 1805 636 1899 factum,
659 1806 1019 1880 consubstantialem
1046 1805 1164 1900 Patri,
1189 1832 1257 1906 per

162 1943 274 2016 quem
290 1919 418 1995 omnia
433 1920 536 1995 facta
560 1935 658 1994 sunt.
710 1918 790 2002 Qui
814 1932 968 2018 propter
984 1945 1054 1995 nos
1072 1920 1259 2016 homines,

162 2045 201 2107 et
217 2047 371 2132 propter
387 2047 556 2109 nostram
578 2035 737 2107 salutem
756 2034 953 2108 descendit
969 2035 1017 2109 de
1035 2034 1151 2109 coelis.
1203 2035 1257 2110 Et

161 2147 377 2223 incarnatus
396 2165 454 2223 est
472 2148 520 2222 de
543 2146 686 2246 Spiritu
711 2158 845 2223 sancto
871 2172 919 2222 ex
943 2147 1069 2222 Maria
1085 2149 1256 2249 Virgine:

161 2274 200 2336 et
217 2263 332 2337 homo
349 2262 473 2338 factus
490 2273 559 2337 est.
612 2261 826 2337 Crucifixus
844 2261 956 2336 etiam
974 2287 1043 2360 pro
1060 2263 1168 2338 nobis
1187 2264 1256 2338 sub

161 2375 301 2451 Pontio
319 2377 457 2471 Pilato,
471 2402 619 2475 passus,
632 2387 671 2449 et
688 2377 857 2473 sepultus
872 2389 939 2450 cst.
984 2375 1037 2450 Et
1053 2377 1258 2452 resurrexit
1335 2415 1337 2419 ,

162 2492 272 2567 tertia
302 2492 375 2586 die,
402 2494 611 2567 secundum
646 2490 876 2588 Scripturas,
929 2491 982 2564 Et
1014 2491 1187 2567 ascendit
1219 2492 1258 2566 in

162 2608 319 2698 coelum3
344 2608 454 2680 sedet
478 2607 527 2680 ad
545 2607 740 2681 dexteram
757 2605 896 2679 Patris.
950 2605 1003 2679 Et
1020 2604 1155 2680 iterum
1172 2629 1259 2679 ven-

162 2733 268 2794 turus
287 2729 347 2794 cst
363 2745 450 2794 cum
477 2719 596 2816 gloria
614 2718 787 2816 judicare
804 2718 908 2792 vivos
927 2730 966 2792 et
982 2731 1170 2810 mortuos,
1196 2744 1258 2794 cu·

155 2834 220 2932 jus
245 2833 351 2932 regni
376 2833 549 2908 nouerit
575 2831 670 2905 finis.
721 2830 776 2907 Et
803 2831 841 2908 in
873 2832 1055 2929 Spiritum
1083 2845 1258 2906 sanctum

161 2948 382 3043 Dominum,
407 2959 446 3022 et
475 2947 745 3038 vivificantem,
775 2946 838 3043 qui
863 2970 910 3020 ox
940 2946 1056 3021 Patre
1084 2947 1258 3044 Filioque

162 3063 344 3162 procedit.
397 3062 583 3146 Quicum
608 3062 725 3135 Patre
743 3072 784 3135 et
808 3056 906 3135 Filio
932 3061 1042 3135 simul
1068 3062 1260 3156 adoratur,

161 3189 201 3252 et
227 3178 551 3276 conglorificatum
577 3175 640 3274 qui
670 3176 819 3251 locutus
848 3186 907 3249 est
937 3200 1004 3273 per
1030 3176 1257 3274 Prophetas.

162 3291 216 3367 Et
232 3316 346 3366 unam
373 3291 558 3365 Sanctam
576 3289 815 3365 Catholicam
841 3301 880 3363 ot
904 3289 1167 3386 Apostolicam
1185 3289 1260 3364 Ec·

163 3406 328 3482 clesiam.
381 3406 578 3481 Confiteor
602 3429 716 3478 unum
741 3404 930 3501 baptisma
945 3403 983 3477 in
1000 3403 1259 3478 remissionem

163 3533 420 3620 peccatorum.
472 3520 526 3595 Et
556 3530 719 3618 expecto
748 3519 1063 3593 resurrectionem
1098 3530 1261 3594 mortuo-

163 3661 256 3711 rum.
308 3636 361 3710 Et
384 3634 497 3709 vitam
520 3633 666 3708 venturi
691 3633 829 3708 saeculi.
882 3633 1017 3706 Amen.
1070 3633 1261 3730 Apostoli-

164 3775 245 3844 cas,
261 3761 300 3824 et
324 3748 621 3825 Ecclesiasticas
646 3749 879 3840 traditiones,
903 3747 1142 3844 reliquasque
1164 3748 1261 3846 ejus-

165 3865 252 3939 dcm
282 3863 472 3939 Ecclesiae
497 3863 794 3956 observationes,
822 3872 862 3936 et
888 3860 1177 3937 constitutiones
1203 3861 1262 3935 fir·

162 3978 328 4053 missime
345 3978 503 4054 admitto
522 3988 561 4052 ot
578 3975 824 4075 amplector.”

212 4093 344 4168 “Item
357 4117 506 4168 sacram
518 4093 755 4191 Scripturam
762 4091 874 4190 juxta
883 4115 970 4165 oum
983 4114 1136 4165 sensum
1148 4114 1261 4188 quem

162 4207 282 4282 tenuit
295 4218 335 4281 et
349 4217 456 4281 tenet
473 4214 608 4281 sancta
625 4216 745 4279 mater
762 4203 955 4296 Ecclesia,
968 4202 1076 4301 cujus
1094 4213 1154 4277 est
1163 4201 1261 4300 judi-

162 4346 252 4397 care
286 4322 334 4396 de
369 4344 458 4395 vero
492 4343 608 4394 sensu
642 4329 681 4392 et
715 4315 1024 4416 interpretatione
1066 4338 1261 4392 sacrarum
