2820 5010
217 391 289 462 120
487 411 700 462 concrurun
725 411 977 463 rnovrucrsna
1002 415 1041 464 rr.

213 585 474 686 suffraganeus
488 586 603 661 faciet
616 586 755 680 omnia,
767 612 851 684 quae
867 587 905 663 in
922 588 1106 687 Episcopi
1123 589 1312 666 electione

215 703 262 775 ab
275 700 578 799 Arcbiepisoopo
592 701 768 776 facienda
780 726 866 775 esse
879 703 1075 777 decretum
1089 716 1158 778 est.
1197 704 1314 786 Quod

214 815 377 913 pertinet
402 816 452 890 ad
478 816 703 891 electionem
727 816 1017 915 coadjutorum,
1033 830 1197 916 excepto
1222 844 1314 894 casu

214 954 289 1026 quo
320 930 446 1004 Sedes
474 929 700 1028 Apostolica
729 930 800 1004 alii
828 931 974 1005 ratione
1006 933 1197 1030 agendum
1229 958 1312 1008 esse

213 1044 398 1138 statuerit,
414 1043 631 1143 Episcopus
649 1044 713 1143 qui
737 1046 1012 1144 coadjutorem
1038 1047 1144 1143 petit,
1159 1048 1313 1122 nomina

213 1159 324 1235 trium
349 1160 606 1235 Sacerdotum
623 1160 927 1259 Arcbiepiscopo
952 1174 991 1234 et
1016 1161 1223 1259 Episcopis
1242 1163 1314 1236 suf·

212 1275 400 1374 fraganeis
418 1274 655 1373 significabit,
667 1275 877 1373 supplicem
894 1275 1058 1350 libellum
1077 1276 1125 1349 de
1143 1278 1188 1350 ei
1205 1300 1247 1350 re
1266 1277 1311 1351 ad

214 1391 256 1466 S
293 1390 639 1491 congregationem
674 1390 809 1484 mittet,
841 1403 880 1465 et
914 1390 1242 1489 Archiepiscopus
1276 1406 1312 1466 et

213 1506 396 1610 Episcopi
423 1506 465 1579 S.
485 1505 780 1605 congregationi
803 1516 970 1580 mentem
993 1529 1102 1579 suam
1120 1506 1169 1579 de
1188 1507 1311 1581 Coad

207 1621 335 1720 jutore
354 1620 528 1719 eligendo
547 1619 890 1694 communicabunt.

262 1735 361 1810 Haec
378 1745 466 1809 sunt
483 1759 567 1831 quae
583 1733 622 1807 in
634 1733 946 1808 commendandis
965 1733 1059 1807 Sedi
1074 1733 1310 1831 Apostolica

213 1848 487 1924 Sacerdotibus
506 1874 573 1947 pro
591 1849 807 1923 Foederatae
823 1848 1014 1923 Americae
1031 1846 1311 1946 Episcoporum

213 1964 400 2039 electione
419 1964 460 2037 S.
481 1962 738 2063 congregatio
756 1963 943 2036 servanda
959 1962 1198 2061 praescripsit.
1252 1963 1312 2036 Ea

212 2077 299 2153 verb
313 2079 537 2170 decernens,
548 2090 680 2151 notum
694 2077 866 2151 omnibus
881 2101 967 2150 esse
981 2077 1110 2169 voluit,
1123 2077 1161 2151 in
1179 2078 1311 2152 litteris

213 2193 262 2266 de
285 2192 359 2267 bac
382 2192 698 2290 pertractantibus
716 2192 766 2266 ad
788 2191 830 2264 S.
851 2192 995 2265 Sedem
1012 2192 1311 2267 transmittendis

212 2306 302 2380 nihil
332 2306 486 2380 inveniri
514 2307 667 2399 debere,
695 2307 798 2403 quod
828 2306 1067 2399 electionem,
1091 2306 1313 2381 nominatio·

211 2444 313 2514 nem,
329 2420 621 2519 postulationem
638 2419 781 2513 innuat,
798 2421 866 2494 sed
885 2419 1031 2518 proprie
1050 2420 1191 2494 dictam
1209 2446 1312 2496 com-

211 2534 510 2626 mendationem,
535 2545 577 2608 ut
600 2534 713 2608 etiam
738 2560 784 2609 ex
808 2535 1015 2608 litterarum
1038 2534 1157 2607 sormi
1182 2547 1313 2632 pateat

211 2650 351 2724 nullam
381 2649 419 2723 in
449 2649 491 2722 S.
522 2649 665 2722 Sedem
696 2649 822 2723 inferri
852 2649 1118 2748 obligationem
1148 2649 1312 2749 eligendi

212 2762 373 2861 aliquem
392 2788 439 2837 ex
457 2763 748 2836 commendatis:
775 2763 880 2836 salva
897 2763 996 2836 enim
1020 2787 1174 2836 manere
1197 2764 1312 2837 debet

211 2892 251 2953 et
267 2880 383 2954 illaesa
397 2879 510 2952 Sedis
525 2879 760 2977 Apostolicae
777 2880 930 2953 libertas
948 2878 985 2951 in
999 2878 1182 2976 eligendis
1201 2879 1311 2978 Epis-

211 2993 328 3092 copis.
382 2993 744 3068 commendationes
758 2993 845 3067 verb
863 2995 990 3067 lumen
1007 2991 1151 3066 tanturn
1166 3005 1205 3065 et
1223 3018 1310 3092 cog-

209 3109 390 3183 nitionem
414 3108 455 3181 S.
476 3108 786 3207 congregationi,
802 3133 878 3181 non
896 3120 1023 3181 autern
1041 3107 1308 3269 obligationem

211 3207 377 3297 afferent.

178 3332 189 3429 ’,
259 3338 403 3411 Datum
427 3337 565 3412 Romae
589 3362 636 3412 ex
657 3336 746 3411 AEd
767 3337 838 3410 dic.
859 3337 948 3410 Sac
969 3338 1160 3436 congreg
1180 3338 1241 3412 die
1262 3341 1307 3411 14

209 3452 313 3527 Junii
334 3455 439 3525 1834.

265 3569 310 3642 C.
329 3567 384 3640 Μ.
405 3567 473 3707 Er.
493 3565 694 3641 Pusussr
714 3568 836 3641 Οιιιι).
856 3565 1108 3640 PEDICINI
1110 3565 1257 3664 ,Proefi

793 3680 840 3752 A.
860 3679 1006 3774 Murus,
1024 3681 1126 3754 Scor.

702 4053 803 4475 g
