2820 5010
540 411 791 464 raovmcmmr
818 412 865 462 rr.
1174 392 1248 464 247

205 586 362 663 Interea
390 588 727 688 pergratum-mihi.
746 588 827 682 fuit,
852 589 941 663 dum
971 588 1019 662 ab
1049 586 1253 686 Episcopis

155 725 294 801 magno
321 726 479 778 numero
507 702 707 802 petitiones
736 702 785 776 ad
814 703 1077 800 Apostolicam
1108 703 1252 777 Sedem

153 829 337 891 venerunt
361 816 620 892 Immaculata
649 817 759 890 Bnae
784 816 947 915 Virginis
979 817 1251 914 conceptionis

154 930 411 1007 definitionem
427 931 708 1030 requirentem
727 931 885 1027 Synodo
904 956 1055 1028 quoque
1076 931 1253 1005 Baltimo

153 1044 256 1119 renai
272 1045 503 1143 postulatum
516 1069 602 1120 esse
619 1056 661 1118 ut
678 1044 716 1118 in
732 1044 865 1118 Missae
882 1044 1099 1141 praefatione
1117 1055 1156 1118 et
1173 1068 1254 1118 ora·

152 1157 267 1263 tione·
283 1157 543 1233 Immaculata
570 1157 733 1256 Virginis
762 1158 1045 1255 Conceptionis,
1072 1168 1186 1254 atque
1213 1157 1252 1230 in

155 1272 317 1348 Litaniis
335 1272 575 1366 Lauretanis,
586 1264 696 1347 Br‘nae
708 1271 870 1372 Virginis
885 1271 965 1345 sine
982 1271 1066 1345 labe
1085 1270 1254 1369 originali

155 1399 368 1487 conceptae,
383 1387 422 1462 in
442 1387 660 1463 Foederatae
676 1386 789 1461 etiam
811 1386 1000 1462 Americae
1016 1385 1256 1479 dioecesibus,

155 1503 297 1578 devota
312 1503 454 1578 mentio
471 1502 547 1577 fiat.

206 1615 311 1693 Huic
324 1629 452 1692 autem
469 1615 654 1715 Epistolae
666 1614 913 1712 Rescriptum
932 1614 1051 1691 ssmi
1061 1614 1138 1689 Dni
1154 1614 1194 1689 N
1195 1640 1254 1689 os-

156 1730 204 1805 tri
221 1730 285 1805 Pn
304 1730 385 1806 ΡΡ.
402 1730 463 1805 ΙΧ
481 1732 529 1806 de
547 1732 591 1805 ei
607 1756 649 1805 re
671 1732 862 1829 adjectum
880 1730 1055 1827 reperies.
1108 1730 1255 1805 Precor

156 1846 286 1921 Deum
303 1836 467 1941 interea,
477 1858 550 1922 etc.

206 1960 359 2055 Romae,
376 1985 424 2036 ex
448 1960 611 2035 AEdibus
637 1958 1014 2058 §.congregationis
1040 1960 1088 2033 de
1113 1959 1255 2058 Propa-

158 2075 282 2173 ganda
298 2074 411 2169 Fide,
427 2074 488 2149 die
508 2080 554 2149 15
573 2074 807 2171 Septembris
828 2076 933 2147 1846.

157 2217 194 2290 J.
213 2217 289 2292 Pa.
307 2218 430 2293 cino.
449 2214 823 2309 FRANSONIUS,
839 2214 1065 2313 Praefectus.

159 2358 429 2456 JOANNES,
449 2360 576 2434 Aaou.
595 2358 989 2455 Tnnssniomcnnsrs,
1007 2362 1255 2437 Secretarius.
1333 2414 1335 2417 -

493 2657 925 2674 mmmmm

175 2906 225 2956 EX
243 2906 450 2957 auulsum
469 2905 714 2976 sancrlsstmr,
731 2906 869 2956 HABITA
886 2907 951 2957 DIE
969 2906 999 2956 18
1016 2906 1246 2956 sarrartmus

675 3010 747 3060 tue.

241 3217 293 3292 D·
306 3216 529 3292 humillimas
556 3241 691 3317 preces
715 3217 807 3291 RR.
833 3217 913 3291 ΡΡ.
936 3216 1024 3291 DD.
1044 3217 1260 3318 Archiepis·

265 3330 353 3428 copi
369 3330 668 3425 Beltimorensis,
685 3343 724 3404 et
741 3330 1019 3428 Episcopomm
1037 3330 1258 3407 Dioeeesum

167 3444 331 3519 omnium
356 3444 571 3520 Foederatae
587 3444 776 3519 Americae
801 3445 838 3518 in
861 3446 1020 3543 Synodo
1038 3447 1144 3519 sexti
1168 3447 1261 3521 Pro-

166 3557 312 3634 vinciati
337 3571 666 3658 congregatorum,
690 3559 841 3633 SSffius
867 3558 916 3633 D.
943 3558 991 3632 N.
1019 3559 1116 3634 Pras
1142 3559 1262 3635 divini

167 3671 406 3747 Providentia
434 3671 515 3746 ΡΡ.
543 3671 616 3765 IX,
642 3674 829 3748 referente
858 3698 919 3748 me
948 3673 1185 3772 infrascripto
1217 3676 1259 3750 S.

168 3785 483 3885 Congregationis
502 3786 550 3860 de
567 3785 818 3886 Propagandi
839 3788 936 3862 Fide
955 3789 1185 3885 Secretario,
1201 3792 1263 3866 be

167 3900 276 4000 nigne
302 3900 340 3975 in
364 3912 587 4000 perpetuum
605 3903 808 3996 concessit,
824 3916 866 3977 ut
890 3915 969 3976 tam
987 3904 1122 3978 Clerus
1147 3930 1263 3980 saecu·

169 4014 254 4089 laris
272 4038 385 4113 quam
401 4015 584 4115 regularis
602 4016 768 4091 omnium
782 4029 821 4089 et
838 4016 1066 4114 singularum
1084 4018 1264 4094 Foedera·

168 4140 290 4205 erum
315 4128 599 4205 Provirrciarum
625 4131 832 4206 dioecesum
863 4131 983 4228 possit
1007 4132 1045 4204 in
1071 4132 1195 4208 officio
1224 4146 1264 4209 et

170 4243 290 4319 Missi
306 4244 578 4343 Conceptionis
595 4245 705 4321 Bffiae
720 4245 854 4320 Mariae
870 4244 1046 4344 Virginis,
1062 4258 1142 4320 tum
1160 4248 1221 4322 die
1238 4252 1263 4322 8

171 4357 396 4436 Decembris
413 4368 453 4435 et
470 4384 537 4459 per
554 4358 757 4454 Octavam,
767 4373 846 4436 tum
864 4360 902 4434 in
920 4360 1100 4437 Sabbatis
1117 4387 1184 4461 per
1200 4387 1263 4439 an·
