2820 5010
551 440 804 492 raovrncmns
831 441 854 491 r.
1207 415 1258 489 79

199 616 288 693 XV.
317 616 561 693 Meminerint
589 617 705 692 etiam
731 614 964 691 Missionarii
990 614 1148 690 Rituale
1176 613 1258 688 Ro

150 754 319 827 manum,
352 743 392 806 et
424 731 676 806 universalem
709 730 900 805 Ecclesiae
941 729 1256 805 consuetudinem

152 846 305 945 exigere
331 857 373 920 ut
398 869 511 943 aqua,
535 845 574 920 in
599 844 788 943 baptismo
814 844 994 937 adhibita,
1010 845 1122 919 fuerit
1145 847 1258 919 bene-

152 960 257 1036 dicta
272 961 311 1035 in
328 984 415 1035 eum
432 955 560 1055 linem,
576 961 635 1035 vel
662 960 834 1033 Sabbato
852 971 987 1033 sancto
1006 959 1182 1053 Paschae,
1198 959 1257 1033 vel

154 1074 327 1151 Sabbata
352 1074 620 1169 Pentecostes,
637 1075 695 1148 vel
721 1073 795 1148 alio
822 1073 957 1148 saltem
980 1085 1151 1172 tempore
1169 1085 1258 1148 ante

154 1189 334 1287 baptismi
367 1188 744 1283 administrationem,
771 1188 892 1262 sormb
923 1188 962 1262 in
994 1187 1078 1285 ipso
1113 1187 1260 1262 Rituali

154 1304 383 1404 praescriptd.
435 1305 657 1379 Curandum
683 1304 727 1378 iis
751 1303 908 1396 idcircb,
932 1316 975 1377 ut
999 1304 1146 1379 Fontes
1171 1305 1261 1402 bap

154 1420 338 1514 tismales,
354 1421 426 1495 aab
444 1422 556 1513 clevi,
572 1420 610 1493 in
627 1421 850 1517 unaqudquc
877 1417 1066 1513 Ecclesia,
1083 1419 1146 1493 ubi
1170 1419 1260 1517 bap

153 1534 256 1608 tismi
279 1545 562 1610 sacramentum
587 1532 772 1608 ordinarie
807 1532 1050 1627 ministratur,
1075 1533 1260 1632 quampri-

155 1649 257 1724 mum
282 1648 492 1749 erigantur,
517 1674 636 1749 prope
664 1673 774 1748 quos,
799 1648 926 1723 omnia
956 1673 1040 1746 quae
1069 1650 1120 1723 ad
1144 1648 1261 1723 admi·

158 1764 420 1841 nistrationem
439 1765 549 1865 hujus
568 1764 810 1840 Sacramenti
835 1764 1036 1863 pertinent,
1052 1763 1166 1840 nitide
1183 1788 1260 1840 ser·

144 1876 300 1955 'ventur

204 1993 312 2071 xvl.
339 1995 402 2069 Ex
425 1993 700 2094 praeteritorum
724 2006 938 2093 temporum
960 1992 1193 2087 difficultate,
1208 1992 1260 2068 in·

157 2108 273 2183 valuit
295 2108 334 2182 in
358 2109 416 2183 his
441 2108 657 2208 regionibus
676 2109 915 2184 consuetudo
937 2108 1165 2207 baptismum
1190 2107 1261 2207 pri·

155 2223 250 2298 vatis
267 2223 306 2299 in
324 2224 497 2299 domibus
515 2224 810 2299 administrandi.
863 2226 962 2299 Cbm
983 2224 1095 2324 igitur
1111 2248 1261 2324 magnae

157 2338 349 2439 gravitatis
366 2338 416 2413 sit
434 2339 649 2439 generalem
667 2339 791 2439 legem
808 2339 845 2412 in
863 2338 934 2413 illis
951 2338 1167 2438 regionibus
1185 2362 1262 2413 ser·

156 2452 319 2528 vendam
342 2453 468 2529 statim
493 2453 605 2546 serre,
622 2453 684 2528 cui
707 2453 898 2528 contraria
920 2464 981 2529 est
1001 2453 1261 2545 consuetud03

157 2567 230 2642 etsi
246 2570 450 2643 censemus
469 2569 679 2643 curandum
697 2593 796 2661 esse,
813 2568 940 2666 quoad
958 2567 1039 2641 fieri
1061 2578 1202 2665 potest,
1219 2579 1262 2642 ut

158 2680 233 2757 boc
264 2682 558 2758 Sacramentum
592 2682 630 2756 in
664 2682 841 2757 Ecclesid
874 2682 1103 2776 conseratur,
1132 2692 1260 2755 tamen

156 2794 436 2897 Episcoporum
449 2807 489 2870 et
502 2794 830 2871 Missionariorum
842 2797 988 2895 judicio
1001 2797 1260 2894 relinquimus,

158 2923 201 2986 ut
216 2923 387 2987 statuant
404 2911 557 3009 quando
576 2911 650 2986 sint
673 2911 831 3010 urgendi
856 2911 1011 2985 Fideles
1033 2922 1075 2985 ut
1097 2910 1260 2984 infantes

159 3026 209 3101 ad
234 3025 454 3101 Ecclesiam
472 3026 658 3119 deserant,
674 3037 716 3100 ut
738 3025 947 3124 baptismus
969 3024 1013 3096 iis
1032 3024 1259 3099 conseratur.

207 3139 336 3216 XVII.
363 3141 578 3216 censemus
613 3141 775 3215 infantes
808 3138 1134 3233 Acatholicorum,
1164 3165 1260 3237 quos

159 3254 232 3355 ipsi
254 3267 431 3354 parentes
456 3255 630 3350 afferunt,
646 3255 895 3354 baptizandos
920 3253 1068 3351 quoties
1092 3255 1263 3351 probabi·

159 3369 204 3444 lis
220 3368 376 3469 affulget
396 3395 485 3468 spes
507 3370 720 3445 Catholicae
737 3393 869 3443 eorum
887 3368 1134 3443 educationis.
1187 3370 1263 3445 Cu·

160 3485 320 3559 randum
338 3496 464 3559 autem
482 3484 634 3559 omnind
652 3497 711 3558 est
731 3495 773 3557 ut
794 3482 987 3576 Petrinus,
1003 3484 1063 3557 vel
1082 3483 1263 3579 Matrina,

160 3597 260 3697 iique
274 3599 477 3693 Catholici,
489 3599 709 3679 habeantur.
745 3596 964 3672 Meminerit
979 3610 1107 3673 autem
1127 3597 1263 3674 Sacer·

161 3712 246 3807 dos,
269 3712 308 3789 in
332 3714 464 3788 mortis
490 3713 671 3812 periculo,
697 3713 1011 3810 quotiescumque
1036 3713 1192 3789 occasio
1219 3738 1262 3788 ae

161 3827 350 3922 obtulerit,
366 3853 499 3903 omnes
517 3828 679 3902 infantes
697 3827 880 3926 baptizari
900 3852 978 3903 non
996 3827 1117 3902 solirm
1136 3853 1264 3926 posse,

161 3943 231 4018 aed
249 3942 365 4017 etiam
382 3944 533 4017 debere.

208 4056 358 4132 XVIII.
386 4056 498 4151 Cim,
514 4082 591 4131 non
609 4056 690 4130 sine
711 4057 941 4132 necessitate
959 4069 1073 4156 atque
1091 4057 1264 4154 utilitate,

161 4168 357 4247 invaluerit
368 4171 407 4246 in
420 4171 493 4247 hac
508 4171 707 4245 Provincia
720 4172 958 4247 consuetudo
973 4173 1147 4247 eamdem
1162 4173 1264 4248 adhi-

163 4286 275 4360 bendi
288 4286 447 4360 sormam
465 4286 503 4359 in
520 4286 707 4384 baptismo
719 4286 932 4360 adultorum
947 4310 993 4362 ac
1012 4288 1263 4385 parvulorum,

163 4423 209 4475 ex
232 4400 344 4501 cujus
367 4401 614 4501 abrogatione
640 4401 747 4500 plura
770 4426 984 4500 magnaque
1009 4402 1265 4498 incommoda,
