2820 5010
164 361 215 429 46
451 376 663 426 concitum
691 373 977 426 aturruomrnsr

359 599 529 661 OCTAVA
552 597 850 659 OONGREGATIO
875 594 1063 657 PUBLICA.

210 779 505 856 convenarum
523 803 591 876 pro
609 802 714 851 more
738 776 928 851 Praesules
947 788 986 850 et
1003 774 1207 874 Theologi,
1222 787 1260 850 ot

160 896 209 970 de
226 894 373 971 Rituali
390 907 429 970 ct
447 894 570 993 lingua
593 893 729 969 Latini
746 892 782 968 in
801 893 973 967 omnibus
991 891 1111 968 sacris
1128 891 1258 967 officiis

159 1009 385 1104 adhibenda,
400 1009 518 1085 lusiirs
537 1021 597 1083 est
614 1021 752 1083 actum.

356 1287 528 1349 OCTAVA
550 1284 847 1346 CONGREGA'I'IO
868 1284 1059 1345 PRIVATA.

208 1466 287 1541 Dm
309 1471 354 1540 13
373 1465 569 1558 Octobris,
586 1478 844 1540 convenerunt
867 1464 1057 1539 Praesules
1078 1488 1167 1539 cum
1192 1461 1258 1535 Se

158 1582 333 1676 cretario,
362 1582 520 1681 ejusque
554 1581 739 1679 adjutore,
768 1579 860 1654 hora
892 1580 1026 1654 octavi
1055 1580 1103 1652 Α.
1133 1576 1190 1652 Μ.
1220 1577 1257 1651 in

159 1695 380 1771 Secretario
416 1694 605 1771 Ecclesiae
639 1694 889 1770 Cathedralis.
941 1693 1066 1768 Lecta
1099 1704 1188 1767 sunt
1220 1703 1257 1764 et

159 1813 318 1909 probata
335 1811 492 1885 decreta
509 1836 593 1908 quae
610 1810 725 1909 pridie
748 1813 825 1885 lata
842 1811 1000 1885 fuerant.
1052 1808 1153 1883 Dein
1171 1832 1257 1883 con·

159 1927 238 2001 dita
255 1938 344 2000 sunt
361 1926 518 2000 decreta
534 1930 596 2019 20,
615 1930 674 2018 18,
690 1930 736 1999 21
757 1937 797 1999 et
813 1929 872 1998 2⁶2.

208 2039 270 2114 De
296 2053 467 2137 tempore
493 2039 675 2115 Paschali
700 2041 896 2115 decretum
920 2052 994 2114 est:
1020 2038 1152 2114 “Cirm
1175 2051 1257 2112 ortu

157 2154 232 2229 sint
250 2156 363 2230 dubia
380 2156 428 2230 de
446 2155 626 2252 temporis
645 2155 768 2252 spatio
786 2154 888 2252 quod
912 2153 950 2227 in
968 2154 1040 2228 huc
1059 2151 1257 2227 Provincirl

157 2268 207 2342 ad
230 2269 537 2343 satisfaciendum
562 2267 742 2343 Paschali
763 2279 954 2366 praecepto
972 2266 1084 2343 fuerit
1101 2290 1258 2341 conces-

157 2407 254 2476 sum,
271 2396 310 2458 et
327 2384 376 2458 ad
393 2396 539 2458 rectum
558 2382 766 2457 animarum
784 2382 953 2481 regimen
970 2380 1129 2455 maxime
1147 2380 1258 2478 perti·

156 2510 247 2572 neat
271 2498 461 2574 Prresules
480 2510 700 2572 accuratam
718 2498 889 2597 ejusdem
911 2497 1051 2572 habere
1068 2497 1258 2588 notitiam3

156 2612 355 2687 statuimus
382 2613 402 2686 ὲ
429 2613 470 2686 S.
491 2613 597 2687 Sede
621 2613 875 2710 expetendum
899 2623 953 2705 ut,
970 2614 1018 2686 ob
1046 2610 1257 2709 peculiares

155 2727 319 2826 regionis
346 2727 662 2819 circumstantias,
678 2739 828 2825 tempus
852 2726 1071 2825 adsignetur
1095 2725 1118 2798 t
1142 2725 1259 2823 primi

156 2841 472 2940 Quadragesimae
483 2840 1016 2937 Dominiclinclusivd,usquc
1028 2839 1258 2914 adDomini-

154 2979 240 3030 cam
254 2954 448 3030 Trinitatis
467 2953 657 3048 inclusiva,
670 2954 845 3053 prudenti
859 2954 1050 3029 Ordinarii
1068 2954 1231 3027 arbitrio.

204 3068 354 3145 Deinde
379 3071 427 3145 de
452 3070 545 3144 libro
568 3069 890 3144 Caeremoniarum
912 3069 1062 3144 edendo
1081 3069 1257 3143 decreve-

153 3198 240 3260 runt
256 3185 410 3260 Patres:
433 3185 627 3276 Quoniam
643 3184 822 3279 mummi,
836 3185 900 3258 No
918 3189 976 3258 31.
1029 3185 1156 3284 Hujus
1175 3183 1257 3258 libri

153 3300 407 3396 componendi
418 3324 512 3374 cura
523 3299 753 3374 demandata
764 3312 823 3373 est
837 3300 989 3373 Revffio
1001 3298 1199 3397 Episcopo
1212 3298 1254 3371 S.

154 3409 359 3505 Ludovici3
377 3412 668 3510 explicationem
682 3426 809 3487 autern
827 3412 1088 3510 praemittendi,
1101 3412 1255 3487 Revmo

153 3526 349 3625 Episcopo
369 3529 691 3625 Carolopolitano.

203 3641 369 3716 Demirm
396 3642 473 3715 lata
498 3654 586 3715 sunt
612 3642 768 3716 decreta
792 3643 957 3717 numeris
984 3646 1045 3735 32,
1066 3646 1116 3715 25
1142 3653 1181 3715 et
1205 3643 1255 3713 23

154 3768 346 3831 contenta.

1235 2952 1258 2989 ll

376 4032 495 4092 NONA
518 4030 816 4092 CONGREGATIO
841 4030 1030 4092 PUBLICA.

202 4214 495 4289 Convnnunour
509 4211 698 4286 Praesules
711 4224 750 4284 et
761 4210 951 4310 Theologi
963 4210 1055 4285 hort
1065 4212 1197 4308 quarti
1207 4211 1251 4286 Ρ.

150 4328 205 4402 Μ.
226 4327 357 4402 Lectis
377 4326 540 4401 decretis
559 4325 667 4399 mand
691 4325 788 4418 latis,
805 4324 1008 4400 introducti
1030 4324 1180 4401 luerunt
1195 4327 1253 4425 ju·
