2820 5010
151 342 200 413 36
443 336 653 415 concursu
678 362 964 415 annrruoaunss

154 539 202 613 tis
215 538 446 614 institutione
459 540 568 614 lectae
581 549 687 614 sunt:
712 539 781 613 sed
795 552 990 638 utramque
1000 540 1248 637 quaestionem

155 666 404 751 seposuerunt
420 653 568 727 Patres.
611 652 721 745 Item,
731 654 804 727 alia
820 654 953 728 relatio
966 654 1139 752 ejusdem
1151 654 1249 728 Con·

156 767 384 866 gregationis
398 767 446 841 de
459 766 609 841 mulctis
622 767 857 864 imponendis
874 767 911 841 in
926 767 1248 864 dispensationum

157 882 419 976 concessione,
435 883 537 957 lecto
563 894 640 956 est:
666 882 735 955 sed
764 881 956 979 negotium
986 881 1087 955 istud
1116 881 1249 955 melius

157 996 338 1071 Conciliis
351 996 647 1072 Prouincialibus
664 995 948 1093 relinquendum
967 995 1167 1069 duxerunt.

206 1109 381 1185 Tandem
400 1108 654 1208 Congregatio
673 1109 721 1183 de
739 1110 1012 1209 gravaminibus
1029 1109 1251 1183 relationem

156 1224 361 1299 attulerunt
395 1225 443 1299 de
473 1224 633 1320 querelis
664 1234 798 1298 contra
830 1223 1251 1323 Ludovicopolitanum,

157 1350 311 1436 propter
328 1340 408 1437 ejus
427 1337 562 1437 agendi
587 1336 771 1411 rationem
797 1363 909 1435 super
926 1338 1146 1413 coemeterio
1164 1363 1252 1435 quo·

157 1452 245 1525 dam
271 1452 557 1526 Germanorum.
608 1451 864 1526 Secretarium
889 1452 1085 1549 jusserunt
1112 1451 1250 1526 Patres

157 1564 201 1638 iis
219 1565 282 1662 qui
299 1566 471 1663 querelas
497 1563 724 1639 suscitarant
749 1567 991 1663 respondere,
1002 1566 1113 1665 juxta
1139 1568 1252 1640 verba
1280 1646 1284 1656 ,

157 1679 345 1777 praedictae
369 1678 573 1772 relationis,
589 1677 781 1753 Revffium
798 1692 837 1752 et
853 1678 1002 1753 Illfnum
1020 1680 1069 1752 D.
1089 1679 1252 1754 Ludovi·

157 1792 412 1891 copolitanum
446 1792 484 1866 in
514 1816 561 1866 eo
592 1792 744 1891 negotio
771 1792 920 1866 nonnisi
947 1794 1042 1890 juris
1077 1793 1252 1868 canonici

158 1908 373 2007 praeceptis,
399 1919 438 1982 et
463 1907 720 1983 Consiliorum
746 1906 1078 1982 Baltimorensium
1104 1909 1254 1984 statutis

158 2022 451 2118 obtemperasse.
504 2021 593 2095 Hoc
612 2020 850 2095 Secretarius
869 2022 928 2095 die
946 2021 1053 2095 Jovis
1079 2023 1249 2120 perfecit.

206 2134 320 2229 Dein,
337 2161 451 2233 quum
470 2136 517 2210 de
534 2134 639 2210 novis
659 2133 823 2208 Sedibus
841 2147 945 2209 esset
961 2136 1164 2234 agendum,
1180 2137 1253 2210 abi·

158 2260 244 2322 runt
263 2248 477 2324 Secretarii.

161 2491 485 2556 CONGREGA'PIO
515 2491 716 2557 SEPTIMA
747 2492 811 2556 ΕΤ
834 2492 1010 2557 UL'I'IMA
1040 2494 1250 2560 PUBLICA.

209 2693 451 2765 Ausuaaua'r
491 2690 630 2764 Revffri
665 2691 954 2788 Arclriopiscopi
988 2703 1026 2765 ot
1069 2693 1251 2792 Episcopi

160 2832 304 2898 omnoS,
322 2805 508 2880 Ordinum
526 2806 808 2903 Religiosorum
836 2807 1075 2904 SuperioreS,
1093 2820 1132 2881 et
1149 2810 1252 2881 theo-

160 2921 244 3018 logi.

208 3035 311 3108 Inter
328 3034 525 3132 theologos
544 3033 677 3107 iterum
694 3047 953 3133 argumentum
972 3047 1052 3108 orat
1070 3038 1117 3109 de
1136 3062 1251 3132 paroe-

159 3149 300 3221 ciarum
326 3148 569 3240 institutione,
586 3160 625 3221 et
642 3149 689 3221 de
716 3149 950 3223 districtuum
977 3150 1252 3225 ecclesiastico·

159 3287 240 3336 rum
258 3263 465 3361 partitione.

210 3377 426 3473 Antequam
441 3376 526 3450 huic
539 3377 834 3474 Congregationi
846 3379 984 3451 ultimae
997 3378 1157 3475 publica
1171 3381 1250 3454 finis

160 3491 425 3587 imponeretur,
442 3490 614 3563 Revrirus
641 3502 678 3562 et
704 3490 834 3564 Illfflus
861 3492 909 3564 D.
930 3492 1250 3591 Arclriopiscopus

161 3604 445 3677 Baltimoronsis
460 3605 596 3678 blande
610 3604 808 3702 theologos
824 3605 1009 3678 allocutus
1028 3619 1099 3698 est,
1111 3633 1252 3681 eorum-

161 3744 234 3814 que
261 3714 487 3815 diligentiam
514 3718 797 3815 doctrinamque
824 3719 862 3792 in
893 3720 1118 3817 gravissimis
1149 3747 1252 3820 argu-

160 3833 294 3906 mentis
313 3832 510 3929 agitandis,
522 3833 820 3930 modestiamque
839 3834 874 3906 in
893 3835 1087 3907 sententiis
1107 3838 1251 3911 edicon-

162 3946 218 4018 dis
237 3948 467 4043 praeclaram,
484 3946 718 4044 amplissimis
737 3947 858 4021 verbis
876 3951 1162 4023 commendavit.
