<?xml version="1.0" encoding="UTF-8"?>
<!DOCTYPE html PUBLIC "-//W3C//DTD XHTML 1.0 Transitional//EN"
    "http://www.w3.org/TR/xhtml1/DTD/xhtml1-transitional.dtd">
<html xmlns="http://www.w3.org/1999/xhtml" xml:lang="en" lang="en">
 <head>
  <title>
</title>
<meta http-equiv="Content-Type" content="text/html;charset=utf-8" />
  <meta name='ocr-system' content='tesseract 3.04.00' />
  <meta name='ocr-capabilities' content='ocr_page ocr_carea ocr_par ocr_line ocrx_word'/>
</head>
<body>
  <div class='ocr_page' id='page_1' title='image "./conciliaprovinc00mdgoog_0370.png"; bbox 0 0 2820 5010; ppageno 0'>
   <div class='ocr_carea' id='block_1_1' title="bbox 151 314 962 389">
    <p class='ocr_par' dir='ltr' id='par_1_1' title="bbox 151 314 962 389">
     <span class='ocr_line' id='line_1_1' title="bbox 151 314 962 389; baseline 0.001 -4"><span class='ocrx_word' id='word_1_1' title='bbox 151 314 198 387; x_wconf 83' lang='grc'>58</span> <span class='ocrx_word' id='word_1_2' title='bbox 437 335 649 389; x_wconf 77' lang='lat' dir='ltr'>cononum</span> <span class='ocrx_word' id='word_1_3' title='bbox 675 336 962 388; x_wconf 76' lang='lat' dir='ltr'>annrruonsnsa</span> 
     </span>
    </p>
   </div>
   <div class='ocr_carea' id='block_1_2' title="bbox 150 490 1249 840">
    <p class='ocr_par' dir='ltr' id='par_1_2' title="bbox 150 490 1249 840">
     <span class='ocr_line' id='line_1_2' title="bbox 150 490 1248 613; baseline 0.004 -28"><span class='ocrx_word' id='word_1_4' title='bbox 150 511 330 609; x_wconf 81' lang='lat' dir='ltr'>descripti</span> <span class='ocrx_word' id='word_1_5' title='bbox 347 536 415 610; x_wconf 81' lang='lat' dir='ltr'>pro</span> <span class='ocrx_word' id='word_1_6' title='bbox 441 512 656 586; x_wconf 92' lang='lat' dir='ltr'>adultorum</span> <span class='ocrx_word' id='word_1_7' title='bbox 681 512 908 613; x_wconf 86' lang='lat' dir='ltr'>baptismate</span> <span class='ocrx_word' id='word_1_8' title='bbox 922 490 973 587; x_wconf 59' lang='lat' dir='ltr'>&#39;in</span> <span class='ocrx_word' id='word_1_9' title='bbox 997 514 1147 589; x_wconf 88' lang='lat' dir='ltr'>Rituali</span> <span class='ocrx_word' id='word_1_10' title='bbox 1171 514 1248 589; x_wconf 89' lang='lat' dir='ltr'>Ro·</span> 
     </span>
     <span class='ocr_line' id='line_1_3' title="bbox 152 627 673 727; baseline 0 -26"><span class='ocrx_word' id='word_1_11' title='bbox 152 650 266 701; x_wconf 93' lang='lat' dir='ltr'>mano</span> <span class='ocrx_word' id='word_1_12' title='bbox 283 627 470 703; x_wconf 81' lang='lat' dir='ltr'>accedere</span> <span class='ocrx_word' id='word_1_13' title='bbox 488 638 673 727; x_wconf 86' lang='lat' dir='ltr'>satagant.</span> 
     </span>
     <span class='ocr_line' id='line_1_4' title="bbox 201 740 1249 840; baseline 0.001 -25"><span class='ocrx_word' id='word_1_14' title='bbox 201 740 317 815; x_wconf 88' lang='lat' dir='ltr'>Hane</span> <span class='ocrx_word' id='word_1_15' title='bbox 342 764 432 815; x_wconf 87' lang='lat' dir='ltr'>vero</span> <span class='ocrx_word' id='word_1_16' title='bbox 459 740 501 815; x_wconf 85' lang='lat' dir='ltr'>S.</span> <span class='ocrx_word' id='word_1_17' title='bbox 520 740 837 840; x_wconf 84' lang='lat' dir='ltr'>Congregationis</span> <span class='ocrx_word' id='word_1_18' title='bbox 864 742 1092 816; x_wconf 82' lang='lat' dir='ltr'>sententiam</span> <span class='ocrx_word' id='word_1_19' title='bbox 1119 743 1249 818; x_wconf 78' lang='lat' dir='ltr'>SSmo</span> 
     </span>
    </p>
   </div>
   <div class='ocr_carea' id='block_1_3' title="bbox 152 853 1252 1525">
    <p class='ocr_par' dir='ltr' id='par_1_3' title="bbox 152 853 1252 1294">
     <span class='ocr_line' id='line_1_5' title="bbox 152 853 1250 953; baseline 0 -24"><span class='ocrx_word' id='word_1_20' title='bbox 152 854 242 929; x_wconf 82' lang='lat' dir='ltr'>Dno</span> <span class='ocrx_word' id='word_1_21' title='bbox 259 853 403 930; x_wconf 86' lang='lat' dir='ltr'>Nostro</span> <span class='ocrx_word' id='word_1_22' title='bbox 430 854 504 928; x_wconf 86' lang='lat' dir='ltr'>Pro</span> <span class='ocrx_word' id='word_1_23' title='bbox 532 854 612 929; x_wconf 92' lang='grc' dir='ltr'>ΡΡ.</span> <span class='ocrx_word' id='word_1_24' title='bbox 630 854 691 929; x_wconf 93' lang='lat' dir='ltr'>IX</span> <span class='ocrx_word' id='word_1_25' title='bbox 707 857 755 930; x_wconf 91' lang='lat' dir='ltr'>ab</span> <span class='ocrx_word' id='word_1_26' title='bbox 773 855 1011 953; x_wconf 81' lang='lat' dir='ltr'>infrascripto</span> <span class='ocrx_word' id='word_1_27' title='bbox 1030 857 1250 932; x_wconf 88' lang='lat' dir='ltr'>Secretario</span> 
     </span>
     <span class='ocr_line' id='line_1_6' title="bbox 152 968 1250 1070; baseline 0.002 -28"><span class='ocrx_word' id='word_1_28' title='bbox 152 969 311 1043; x_wconf 84' lang='lat' dir='ltr'>relatam</span> <span class='ocrx_word' id='word_1_29' title='bbox 336 968 373 1043; x_wconf 91' lang='lat' dir='ltr'>in</span> <span class='ocrx_word' id='word_1_30' title='bbox 400 968 606 1043; x_wconf 87' lang='lat' dir='ltr'>Audientia</span> <span class='ocrx_word' id='word_1_31' title='bbox 631 970 706 1044; x_wconf 88' lang='lat' dir='ltr'>diei</span> <span class='ocrx_word' id='word_1_32' title='bbox 732 976 753 1043; x_wconf 87' lang='grc'><strong>5</strong></span> <span class='ocrx_word' id='word_1_33' title='bbox 780 969 1030 1070; x_wconf 86' lang='lat' dir='ltr'>Septembris,</span> <span class='ocrx_word' id='word_1_34' title='bbox 1055 972 1250 1046; x_wconf 82' lang='lat' dir='ltr'>Sanctitas</span> 
     </span>
     <span class='ocr_line' id='line_1_7' title="bbox 154 1081 1252 1184; baseline 0.004 -29"><span class='ocrx_word' id='word_1_35' title='bbox 154 1082 238 1156; x_wconf 88' lang='lat' dir='ltr'>Sua</span> <span class='ocrx_word' id='word_1_36' title='bbox 261 1081 422 1181; x_wconf 86' lang='lat' dir='ltr'>benigne</span> <span class='ocrx_word' id='word_1_37' title='bbox 447 1081 485 1157; x_wconf 89' lang='lat' dir='ltr'>in</span> <span class='ocrx_word' id='word_1_38' title='bbox 502 1083 674 1158; x_wconf 91' lang='lat' dir='ltr'>omnibus</span> <span class='ocrx_word' id='word_1_39' title='bbox 693 1083 876 1184; x_wconf 86' lang='lat' dir='ltr'>probavit,</span> <span class='ocrx_word' id='word_1_40' title='bbox 892 1096 1090 1183; x_wconf 84' lang='lat' dir='ltr'>ratamque</span> <span class='ocrx_word' id='word_1_41' title='bbox 1108 1086 1252 1180; x_wconf 82' lang='lat' dir='ltr'>habuit,</span> 
     </span>
     <span class='ocr_line' id='line_1_8' title="bbox 153 1194 1050 1294; baseline 0.001 -24"><span class='ocrx_word' id='word_1_42' title='bbox 153 1194 351 1270; x_wconf 86' lang='lat' dir='ltr'>contrariis</span> <span class='ocrx_word' id='word_1_43' title='bbox 370 1195 667 1294; x_wconf 87' lang='lat' dir='ltr'>quibuscumque</span> <span class='ocrx_word' id='word_1_44' title='bbox 685 1197 787 1272; x_wconf 89' lang='lat' dir='ltr'>haud</span> <span class='ocrx_word' id='word_1_45' title='bbox 804 1197 1050 1273; x_wconf 81' lang='lat' dir='ltr'>obstantibus.</span> 
     </span>
    </p>

    <p class='ocr_par' dir='ltr' id='par_1_4' title="bbox 153 1308 1251 1525">
     <span class='ocr_line' id='line_1_9' title="bbox 202 1308 1251 1413; baseline 0.003 -30"><span class='ocrx_word' id='word_1_46' title='bbox 202 1308 347 1383; x_wconf 90' lang='lat' dir='ltr'>Datum</span> <span class='ocrx_word' id='word_1_47' title='bbox 364 1308 515 1404; x_wconf 75' lang='lat' dir='ltr'>Romae,</span> <span class='ocrx_word' id='word_1_48' title='bbox 525 1335 573 1385; x_wconf 84' lang='lat' dir='ltr'>ex</span> <span class='ocrx_word' id='word_1_49' title='bbox 589 1310 751 1385; x_wconf 83' lang='lat' dir='ltr'>AEdibus</span> <span class='ocrx_word' id='word_1_50' title='bbox 766 1311 878 1387; x_wconf 79' lang='lat' dir='ltr'>dictae</span> <span class='ocrx_word' id='word_1_51' title='bbox 896 1313 937 1386; x_wconf 90' lang='lat' dir='ltr'>S.</span> <span class='ocrx_word' id='word_1_52' title='bbox 953 1312 998 1387; x_wconf 84' lang='lat' dir='ltr'>C.</span> <span class='ocrx_word' id='word_1_53' title='bbox 1018 1313 1067 1387; x_wconf 89' lang='lat' dir='ltr'>de</span> <span class='ocrx_word' id='word_1_54' title='bbox 1084 1312 1251 1413; x_wconf 84' lang='lat' dir='ltr'>Propag.</span> 
     </span>
     <span class='ocr_line' id='line_1_10' title="bbox 153 1422 791 1525; baseline 0.002 -28"><span class='ocrx_word' id='word_1_55' title='bbox 153 1422 264 1517; x_wconf 87' lang='lat' dir='ltr'>Fide,</span> <span class='ocrx_word' id='word_1_56' title='bbox 281 1423 341 1497; x_wconf 91' lang='lat' dir='ltr'>die</span> <span class='ocrx_word' id='word_1_57' title='bbox 359 1426 408 1496; x_wconf 80' lang='lat'>26</span> <span class='ocrx_word' id='word_1_58' title='bbox 427 1423 662 1525; x_wconf 85' lang='lat' dir='ltr'>Septembris</span> <span class='ocrx_word' id='word_1_59' title='bbox 684 1429 791 1499; x_wconf 73' lang='lat'>1852.</span> 
     </span>
    </p>
   </div>
   <div class='ocr_carea' id='block_1_4' title="bbox 469 1552 1206 1654">
    <p class='ocr_par' dir='ltr' id='par_1_5' title="bbox 469 1552 1206 1654">
     <span class='ocr_line' id='line_1_11' title="bbox 469 1552 1206 1654; baseline 0.009 -29"><span class='ocrx_word' id='word_1_60' title='bbox 469 1552 506 1626; x_wconf 89' lang='lat' dir='ltr'>J.</span> <span class='ocrx_word' id='word_1_61' title='bbox 526 1552 599 1629; x_wconf 80' lang='lat' dir='ltr'>Pu.</span> <span class='ocrx_word' id='word_1_62' title='bbox 619 1554 741 1629; x_wconf 76' lang='lat' dir='ltr'>Cano.</span> <span class='ocrx_word' id='word_1_63' title='bbox 760 1553 1065 1651; x_wconf 82' lang='lat' dir='ltr'><strong>FRANSONI,</strong></span> <span class='ocrx_word' id='word_1_64' title='bbox 1081 1555 1206 1654; x_wconf 81' lang='lat' dir='ltr'>Proes.</span> 
     </span>
    </p>
   </div>
   <div class='ocr_carea' id='block_1_5' title="bbox 671 1682 1206 1779">
    <p class='ocr_par' dir='ltr' id='par_1_6' title="bbox 671 1682 1206 1779">
     <span class='ocr_line' id='line_1_12' title="bbox 671 1682 1206 1779; baseline 0.007 -22"><span class='ocrx_word' id='word_1_65' title='bbox 671 1683 742 1757; x_wconf 77' lang='lat' dir='ltr'>Aa.</span> <span class='ocrx_word' id='word_1_66' title='bbox 763 1682 964 1779; x_wconf 75' lang='lat' dir='ltr'>Bannrao,</span> <span class='ocrx_word' id='word_1_67' title='bbox 981 1712 1006 1759; x_wconf 87' lang='lat' dir='ltr'>a</span> <span class='ocrx_word' id='word_1_68' title='bbox 1024 1687 1206 1761; x_wconf 81' lang='lat' dir='ltr'>Sacratis.</span> 
     </span>
    </p>
   </div>
   <div class='ocr_carea' id='block_1_6' title="bbox 668 1996 878 2015">
    <p class='ocr_par' dir='ltr' id='par_1_7' title="bbox 668 1996 878 2015">
     <span class='ocr_line' id='line_1_13' title="bbox 668 1996 878 2015; baseline 0.005 -3"><span class='ocrx_word' id='word_1_69' title='bbox 668 1997 731 2012; x_wconf 64' lang='grc' dir='ltr'>νυν</span> <span class='ocrx_word' id='word_1_70' title='bbox 738 1996 878 2015; x_wconf 67' lang='grc' dir='ltr'>υννννν</span> 
     </span>
    </p>
   </div>
   <div class='ocr_carea' id='block_1_7' title="bbox 517 2314 890 2409">
    <p class='ocr_par' dir='ltr' id='par_1_8' title="bbox 517 2314 890 2409">
     <span class='ocr_line' id='line_1_14' title="bbox 517 2314 890 2409; baseline 0 -2"><span class='ocrx_word' id='word_1_71' title='bbox 517 2314 890 2409; x_wconf 78' lang='lat' dir='ltr'>INDULTUM</span> 
     </span>
    </p>
   </div>
   <div class='ocr_carea' id='block_1_8' title="bbox 155 2546 1261 2600">
    <p class='ocr_par' dir='ltr' id='par_1_9' title="bbox 155 2546 1261 2600">
     <span class='ocr_line' id='line_1_15' title="bbox 155 2546 1261 2600; baseline 0.002 -2"><span class='ocrx_word' id='word_1_72' title='bbox 155 2549 206 2598; x_wconf 74' lang='lat' dir='ltr'>DE</span> <span class='ocrx_word' id='word_1_73' title='bbox 227 2549 356 2599; x_wconf 80' lang='lat' dir='ltr'>SACRIS</span> <span class='ocrx_word' id='word_1_74' title='bbox 376 2548 580 2598; x_wconf 71' lang='lat' dir='ltr'>ouantibus</span> <span class='ocrx_word' id='word_1_75' title='bbox 608 2549 744 2598; x_wconf 83' lang='lat' dir='ltr'>TITULO</span> <span class='ocrx_word' id='word_1_76' title='bbox 770 2548 959 2599; x_wconf 82' lang='lat' dir='ltr'>Mlsslours</span> <span class='ocrx_word' id='word_1_77' title='bbox 978 2546 1261 2600; x_wconf 74' lang='lat' dir='ltr'>courssnanms</span> 
     </span>
    </p>
   </div>
   <div class='ocr_carea' id='block_1_9' title="bbox 239 2715 1185 2792">
    <p class='ocr_par' dir='ltr' id='par_1_10' title="bbox 239 2715 1185 2792">
     <span class='ocr_line' id='line_1_16' title="bbox 239 2715 1185 2792; baseline -0.005 -2"><span class='ocrx_word' id='word_1_78' title='bbox 239 2742 290 2791; x_wconf 84' lang='lat' dir='ltr'>EX</span> <span class='ocrx_word' id='word_1_79' title='bbox 309 2742 514 2792; x_wconf 77' lang='lat' dir='ltr'><strong>AUDIENTIA</strong></span> <span class='ocrx_word' id='word_1_80' title='bbox 534 2715 616 2791; x_wconf 62' lang='lat' dir='ltr'>ssirl</span> <span class='ocrx_word' id='word_1_81' title='bbox 636 2741 774 2789; x_wconf 76' lang='lat' dir='ltr'>HABITA</span> <span class='ocrx_word' id='word_1_82' title='bbox 792 2740 856 2790; x_wconf 85' lang='lat' dir='ltr'>DIE</span> <span class='ocrx_word' id='word_1_83' title='bbox 875 2736 1185 2789; x_wconf 63' lang='lat' dir='ltr'>800TOBR181852.</span> 
     </span>
    </p>
   </div>
   <div class='ocr_carea' id='block_1_10' title="bbox 220 2908 1264 2997">
    <p class='ocr_par' dir='ltr' id='par_1_11' title="bbox 220 2908 1264 2997">
     <span class='ocr_line' id='line_1_17' title="bbox 220 2908 1264 2997; baseline 0 -1"><span class='ocrx_word' id='word_1_84' title='bbox 220 2908 366 2997; x_wconf 79' lang='lat' dir='ltr'>SMUS</span> <span class='ocrx_word' id='word_1_85' title='bbox 403 2922 512 2996; x_wconf 81' lang='lat' dir='ltr'>Dnus</span> <span class='ocrx_word' id='word_1_86' title='bbox 547 2921 690 2995; x_wconf 87' lang='lat' dir='ltr'>Noster</span> <span class='ocrx_word' id='word_1_87' title='bbox 723 2921 821 2995; x_wconf 78' lang='lat' dir='ltr'>Pius</span> <span class='ocrx_word' id='word_1_88' title='bbox 854 2921 978 2994; x_wconf 89' lang='lat' dir='ltr'>divina</span> <span class='ocrx_word' id='word_1_89' title='bbox 1011 2918 1264 2996; x_wconf 85' lang='lat' dir='ltr'>Providentia</span> 
     </span>
    </p>
   </div>
   <div class='ocr_carea' id='block_1_11' title="bbox 156 3035 1264 4276">
    <p class='ocr_par' dir='ltr' id='par_1_12' title="bbox 156 3035 1264 4050">
     <span class='ocr_line' id='line_1_18' title="bbox 252 3035 1264 3135; baseline -0.001 -23"><span class='ocrx_word' id='word_1_90' title='bbox 252 3038 331 3112; x_wconf 91' lang='grc' dir='ltr'>ΡΡ.</span> <span class='ocrx_word' id='word_1_91' title='bbox 359 3038 431 3130; x_wconf 83' lang='grc' dir='ltr'>ΙΧ,</span> <span class='ocrx_word' id='word_1_92' title='bbox 455 3038 640 3111; x_wconf 87' lang='lat' dir='ltr'>reserante</span> <span class='ocrx_word' id='word_1_93' title='bbox 667 3063 728 3109; x_wconf 90' lang='lat' dir='ltr'>mc</span> <span class='ocrx_word' id='word_1_94' title='bbox 755 3036 992 3133; x_wconf 87' lang='lat' dir='ltr'>infrascripto</span> <span class='ocrx_word' id='word_1_95' title='bbox 1019 3035 1062 3108; x_wconf 80' lang='lat' dir='ltr'>S.</span> <span class='ocrx_word' id='word_1_96' title='bbox 1088 3036 1264 3135; x_wconf 85' lang='lat' dir='ltr'>Congre-</span> 
     </span>
     <span class='ocr_line' id='line_1_19' title="bbox 156 3149 1262 3251; baseline -0.001 -25"><span class='ocrx_word' id='word_1_97' title='bbox 156 3153 316 3251; x_wconf 86' lang='lat' dir='ltr'>gationis</span> <span class='ocrx_word' id='word_1_98' title='bbox 348 3153 395 3226; x_wconf 90' lang='lat' dir='ltr'>de</span> <span class='ocrx_word' id='word_1_99' title='bbox 426 3152 681 3249; x_wconf 85' lang='lat' dir='ltr'>Propaganda</span> <span class='ocrx_word' id='word_1_100' title='bbox 714 3151 811 3224; x_wconf 90' lang='lat' dir='ltr'>Fide</span> <span class='ocrx_word' id='word_1_101' title='bbox 843 3149 1074 3242; x_wconf 83' lang='lat' dir='ltr'>Secretario‚</span> <span class='ocrx_word' id='word_1_102' title='bbox 1100 3150 1262 3248; x_wconf 86' lang='lat' dir='ltr'>singulis</span> 
     </span>
     <span class='ocr_line' id='line_1_20' title="bbox 156 3263 1262 3362; baseline -0.002 -21"><span class='ocrx_word' id='word_1_103' title='bbox 156 3265 465 3362; x_wconf 84' lang='lat' dir='ltr'>Archiepiscopis</span> <span class='ocrx_word' id='word_1_104' title='bbox 484 3277 522 3337; x_wconf 93' lang='lat' dir='ltr'>ot</span> <span class='ocrx_word' id='word_1_105' title='bbox 548 3264 750 3362; x_wconf 89' lang='lat' dir='ltr'>Episcopis</span> <span class='ocrx_word' id='word_1_106' title='bbox 768 3263 1057 3337; x_wconf 66' lang='lat' dir='ltr'>Foederatorum</span> <span class='ocrx_word' id='word_1_107' title='bbox 1077 3263 1262 3339; x_wconf 88' lang='lat' dir='ltr'>Statuum</span> 
     </span>
     <span class='ocr_line' id='line_1_21' title="bbox 156 3376 1264 3476; baseline -0.002 -22"><span class='ocrx_word' id='word_1_108' title='bbox 156 3380 346 3454; x_wconf 84' lang='lat' dir='ltr'>Americae</span> <span class='ocrx_word' id='word_1_109' title='bbox 380 3378 693 3476; x_wconf 88' lang='lat' dir='ltr'>Septentrionalis</span> <span class='ocrx_word' id='word_1_110' title='bbox 729 3379 948 3452; x_wconf 87' lang='lat' dir='ltr'>facultatem</span> <span class='ocrx_word' id='word_1_111' title='bbox 982 3376 1143 3475; x_wconf 82' lang='lat' dir='ltr'>benigne</span> <span class='ocrx_word' id='word_1_112' title='bbox 1171 3404 1264 3452; x_wconf 90' lang='lat' dir='ltr'>con·</span> 
     </span>
     <span class='ocr_line' id='line_1_22' title="bbox 156 3492 1261 3591; baseline -0.003 -21"><span class='ocrx_word' id='word_1_113' title='bbox 156 3497 285 3589; x_wconf 83' lang='lat' dir='ltr'>cessit,</span> <span class='ocrx_word' id='word_1_114' title='bbox 302 3520 326 3567; x_wconf 87' lang='lat' dir='ltr'>a</span> <span class='ocrx_word' id='word_1_115' title='bbox 343 3495 403 3569; x_wconf 91' lang='lat' dir='ltr'>dic</span> <span class='ocrx_word' id='word_1_116' title='bbox 431 3495 549 3591; x_wconf 82' lang='lat' dir='ltr'>prima</span> <span class='ocrx_word' id='word_1_117' title='bbox 564 3493 736 3567; x_wconf 87' lang='lat' dir='ltr'>Januarii</span> <span class='ocrx_word' id='word_1_118' title='bbox 764 3497 859 3566; x_wconf 83' lang='lat'>1853</span> <span class='ocrx_word' id='word_1_119' title='bbox 885 3492 933 3565; x_wconf 87' lang='lat' dir='ltr'>ad</span> <span class='ocrx_word' id='word_1_120' title='bbox 960 3492 1261 3589; x_wconf 84' lang='lat' dir='ltr'>quinquennium</span> 
     </span>
     <span class='ocr_line' id='line_1_23' title="bbox 156 3606 1259 3704; baseline -0.004 -19"><span class='ocrx_word' id='word_1_121' title='bbox 156 3612 386 3701; x_wconf 76' lang='lat' dir='ltr'>duraturam,</span> <span class='ocrx_word' id='word_1_122' title='bbox 412 3608 656 3704; x_wconf 82' lang='lat' dir='ltr'>promovendi</span> <span class='ocrx_word' id='word_1_123' title='bbox 681 3608 788 3681; x_wconf 89' lang='lat' dir='ltr'>titulo</span> <span class='ocrx_word' id='word_1_124' title='bbox 815 3606 1009 3681; x_wconf 88' lang='lat' dir='ltr'>Missionis</span> <span class='ocrx_word' id='word_1_125' title='bbox 1037 3607 1087 3679; x_wconf 89' lang='lat' dir='ltr'>ad</span> <span class='ocrx_word' id='word_1_126' title='bbox 1122 3632 1259 3681; x_wconf 90' lang='lat' dir='ltr'>sacros</span> 
     </span>
     <span class='ocr_line' id='line_1_24' title="bbox 157 3720 1261 3819; baseline -0.004 -20"><span class='ocrx_word' id='word_1_127' title='bbox 157 3726 308 3799; x_wconf 89' lang='lat' dir='ltr'>ordines</span> <span class='ocrx_word' id='word_1_128' title='bbox 344 3749 464 3819; x_wconf 91' lang='lat' dir='ltr'>usquo</span> <span class='ocrx_word' id='word_1_129' title='bbox 493 3724 542 3796; x_wconf 88' lang='lat' dir='ltr'>ad</span> <span class='ocrx_word' id='word_1_130' title='bbox 577 3721 833 3796; x_wconf 88' lang='lat' dir='ltr'>sacerdotium</span> <span class='ocrx_word' id='word_1_131' title='bbox 866 3720 1046 3796; x_wconf 85' lang='lat' dir='ltr'>inclusive</span> <span class='ocrx_word' id='word_1_132' title='bbox 1082 3721 1261 3815; x_wconf 55' lang='lat' dir='ltr'>clericos</span> 
     </span>
     <span class='ocr_line' id='line_1_25' title="bbox 157 3835 1261 3933; baseline -0.003 -21"><span class='ocrx_word' id='word_1_133' title='bbox 157 3840 313 3914; x_wconf 90' lang='lat' dir='ltr'>servatis</span> <span class='ocrx_word' id='word_1_134' title='bbox 332 3837 525 3911; x_wconf 89' lang='lat' dir='ltr'>servandis</span> <span class='ocrx_word' id='word_1_135' title='bbox 544 3836 647 3910; x_wconf 86' lang='lat' dir='ltr'>circa</span> <span class='ocrx_word' id='word_1_136' title='bbox 664 3836 873 3911; x_wconf 88' lang='lat' dir='ltr'>doctrinam</span> <span class='ocrx_word' id='word_1_137' title='bbox 886 3846 924 3908; x_wconf 86' lang='lat' dir='ltr'>et</span> <span class='ocrx_word' id='word_1_138' title='bbox 942 3835 1134 3932; x_wconf 83' lang='lat' dir='ltr'>pietatem,</span> <span class='ocrx_word' id='word_1_139' title='bbox 1145 3860 1261 3933; x_wconf 88' lang='lat' dir='ltr'>super</span> 
     </span>
     <span class='ocr_line' id='line_1_26' title="bbox 157 3951 991 4050; baseline -0.006 -23"><span class='ocrx_word' id='word_1_140' title='bbox 157 3978 232 4049; x_wconf 93' lang='lat' dir='ltr'>quo</span> <span class='ocrx_word' id='word_1_141' title='bbox 252 3953 534 4050; x_wconf 87' lang='lat' dir='ltr'>Episcoporum</span> <span class='ocrx_word' id='word_1_142' title='bbox 552 3951 787 4025; x_wconf 87' lang='lat' dir='ltr'>conscientia</span> <span class='ocrx_word' id='word_1_143' title='bbox 804 3961 991 4024; x_wconf 89' lang='lat' dir='ltr'>oneratur.</span> 
     </span>
    </p>

    <p class='ocr_par' dir='ltr' id='par_1_13' title="bbox 157 4062 1264 4276">
     <span class='ocr_line' id='line_1_27' title="bbox 206 4062 1264 4162; baseline -0.004 -23"><span class='ocrx_word' id='word_1_144' title='bbox 206 4066 350 4140; x_wconf 89' lang='lat' dir='ltr'>Datum</span> <span class='ocrx_word' id='word_1_145' title='bbox 376 4065 527 4159; x_wconf 83' lang='lat' dir='ltr'>Romae,</span> <span class='ocrx_word' id='word_1_146' title='bbox 544 4090 591 4138; x_wconf 84' lang='lat' dir='ltr'>ex</span> <span class='ocrx_word' id='word_1_147' title='bbox 616 4064 778 4139; x_wconf 89' lang='lat' dir='ltr'>AEdibus</span> <span class='ocrx_word' id='word_1_148' title='bbox 798 4064 909 4139; x_wconf 83' lang='lat' dir='ltr'>dictae</span> <span class='ocrx_word' id='word_1_149' title='bbox 927 4063 968 4137; x_wconf 86' lang='lat' dir='ltr'>S.</span> <span class='ocrx_word' id='word_1_150' title='bbox 989 4062 1264 4162; x_wconf 83' lang='lat' dir='ltr'>Congregatio-</span> 
     </span>
     <span class='ocr_line' id='line_1_28' title="bbox 157 4178 779 4276; baseline -0.008 -21"><span class='ocrx_word' id='word_1_151' title='bbox 157 4178 229 4273; x_wconf 84' lang='lat' dir='ltr'>nis,</span> <span class='ocrx_word' id='word_1_152' title='bbox 245 4180 305 4254; x_wconf 89' lang='lat' dir='ltr'>die</span> <span class='ocrx_word' id='word_1_153' title='bbox 325 4193 364 4253; x_wconf 94' lang='lat' dir='ltr'>et</span> <span class='ocrx_word' id='word_1_154' title='bbox 381 4206 481 4254; x_wconf 89' lang='lat' dir='ltr'>anno</span> <span class='ocrx_word' id='word_1_155' title='bbox 502 4179 635 4276; x_wconf 91' lang='lat' dir='ltr'>quibus</span> <span class='ocrx_word' id='word_1_156' title='bbox 655 4203 779 4275; x_wconf 87' lang='lat' dir='ltr'>supra.</span> 
     </span>
    </p>
   </div>
   <div class='ocr_carea' id='block_1_12' title="bbox 653 4305 1206 4399">
    <p class='ocr_par' dir='ltr' id='par_1_14' title="bbox 653 4305 1206 4399">
     <span class='ocr_line' id='line_1_29' title="bbox 653 4305 1206 4399; baseline -0.009 -18"><span class='ocrx_word' id='word_1_157' title='bbox 653 4307 725 4381; x_wconf 68' lang='lat' dir='ltr'>Aa.</span> <span class='ocrx_word' id='word_1_158' title='bbox 753 4306 953 4399; x_wconf 75' lang='lat' dir='ltr'>Britanno,</span> <span class='ocrx_word' id='word_1_159' title='bbox 978 4332 1004 4379; x_wconf 87' lang='lat' dir='ltr'>a</span> <span class='ocrx_word' id='word_1_160' title='bbox 1029 4305 1206 4380; x_wconf 81' lang='lat' dir='ltr'>Sacratis.</span> 
     </span>
    </p>
   </div>
   <div class='ocr_carea' id='block_1_13' title="bbox 0 0 1419 5010">
    <p class='ocr_par' dir='ltr' id='par_1_15' title="bbox 0 0 1419 5010">
     <span class='ocr_line' id='line_1_30' title="bbox 0 0 1419 5010; baseline 0 0"><span class='ocrx_word' id='word_1_161' title='bbox 0 0 1419 5010; x_wconf 95' lang='lat' dir='ltr'> </span> 
     </span>
    </p>
   </div>
  </div>
 </body>
</html>
