2820 5010
163 387 238 459 274
446 408 657 462 concruruu
683 410 971 465 utncruonsuss

164 583 402 682 liprtefidelis
414 584 613 661 devotione
629 611 726 688 crgo
738 588 1034 664 immaculatum
1049 588 1159 665 Bne
1179 587 1242 663 Vre

160 698 271 797 ginis
286 698 431 774 Mor-ic
451 700 758 800 conceptionem

213 811 422 919 Decretum
439 817 476 907 2,
497 814 600 905 Qttid
613 817 760 891 scilicet
775 819 948 893 sentiant
964 818 1109 893 Parra
1125 818 1172 893 de
1185 816 1244 892 lo

163 927 358 1002 muro
374 927 420 1001 B.
445 928 483 1002 V.
500 928 559 1002 M.
578 929 835 1030 conceptione
846 931 1063 1028 dpinimdd
1074 942 1244 1030 tanquan

167 1039 353 1116 Eccksioe
379 1042 588 1117 Catholicis
603 1043 790 1139 doctrino,
802 1045 919 1120 latum
936 1058 1011 1139 est,
1025 1070 1103 1120 uno
1127 1071 1173 1120 ex
1188 1043 1245 1119 Po·

164 1152 294 1247 tribus,
308 1177 445 1252 nempe
470 1154 622 1231 Revfflo
647 1155 697 1231 D.
719 1157 916 1259 Episcopo
941 1157 1246 1251 Richmondensi,

164 1267 418 1343 dissentiente.

213 1380 363 1457 Deinde
380 1383 457 1458 lata
474 1395 561 1458 sunt
576 1384 747 1460 Decreta
762 1389 800 1480 3,
815 1389 840 1460 4
857 1398 897 1461 et
914 1393 947 1462 5.

378 1626 513 1690 SEXTA
532 1626 830 1692 GONGREGATIO
851 1630 1046 1693 PRIVATA.

212 1847 354 1921 Esnnu
372 1844 432 1921 die
453 1850 511 1940 12,
527 1846 619 1922 hori
635 1849 766 1946 quarti
781 1848 826 1923 P.
844 1848 901 1923 M.
919 1848 1049 1924 habita
1066 1861 1129 1925 est
1151 1861 1248 1924 sexta

161 1961 416 2061 Congregatio
441 1960 585 2061 privata
608 1961 647 2039 in
676 1963 819 2038 aedibus
843 1963 1247 2064 Archiepiscopolibus.

211 2075 434 2150 Statuerunt
463 2073 600 2151 Patres
630 2077 918 2176 supplicandum
952 2078 996 2152 S.
1023 2079 1135 2175 Sedi,
1160 2084 1191 2154 l.
1215 2089 1251 2153 ut

160 2212 259 2266 nove
268 2190 456 2268 Dioecesis
468 2191 507 2267 in
524 2192 726 2294 cheolirrg
740 2192 932 2293 erigenda,
948 2194 999 2269 ad
1016 2193 1250 2270 Provinciam

160 2305 474 2381 Baltimorensem
492 2305 695 2404 pertineat3
719 2306 909 2384 Dioecesis
926 2320 1055 2384 autem
1073 2308 1118 2385 S.
1136 2308 1253 2403 Pauli,

157 2419 196 2495 in
220 2418 429 2496 Territorio
452 2421 690 2517 dtinnesota,
713 2420 970 2522 Metropolitae
995 2421 1038 2498 S.
1065 2421 1251 2498 Ludovici

159 2534 308 2608 subdita
325 2534 382 2608 sit.

205 2653 240 2723 2.
268 2650 320 2723 Ut
340 2649 587 2723 Territorinm
611 2649 649 2724 in
673 2648 888 2724 Foederatis
914 2650 1100 2745 Statibus,
1119 2651 1251 2726 Orien·

156 2773 234 2836 tem
245 2762 373 2836 versus
386 2763 620 2838 Saxosorum
633 2762 822 2838 Montium
840 2764 1250 2863 (Rocky-Mortntoins)

149 2878 298 2977 jaocnS,
326 2901 399 2951 nec
425 2877 523 2951 intra
551 2877 686 2951 limites
717 2878 896 2953 Statuam
925 2879 1139 2975 drkansas,
1154 2881 1251 2955 Mis-

155 2993 275 3085 souri,
293 2992 409 3084 Iotoo,
425 3017 497 3067 neo
515 2991 552 3065 in
570 2991 778 3066 Territorio
804 2992 1032 3067 Mnncsoto
1051 2992 1251 3089 inclusum,

155 3103 192 3178 in
210 3105 474 3202 Apostolicum
493 3106 724 3181 Vioariatum
743 3106 915 3204 erigatur.

203 3219 335 3292 Visum
353 3231 411 3293 est
428 3219 604 3293 Patribus
623 3219 799 3317 expedire
817 3230 859 3294 ut
876 3220 925 3294 ad
943 3244 1132 3295 summum
1150 3222 1248 3297 Pon·

122 3332 292 3408 .tificorn
318 3334 502 3407 scribatur
518 3334 566 3407 de
584 3333 689 3407 novis
717 3333 881 3408 Sedibus
908 3334 1248 3435 Archiepiscopali-

151 3449 222 3522 bus
240 3458 279 3521 et
295 3447 584 3546 Episcopalibus
610 3447 809 3546 erigendiS,
825 3448 937 3545 idque
959 3450 1101 3550 nogotii
1119 3452 1246 3526 datum

154 3574 213 3636 est
226 3561 377 3635 Rcvffio
395 3562 444 3635 D.
464 3561 658 3660 Episcopo
676 3561 714 3636 N
716 3561 936 3637 atchetensi.

199 3675 349 3750 Deinde
368 3676 482 3750 latum
501 3687 560 3749 est
577 3676 786 3751 Decretum
807 3681 839 3749 6.

200 3789 406 3887 Postquinn
436 3790 608 3864 Revffius
638 3790 687 3863 D.
716 3791 1037 3890 Archiepiscopus
1070 3793 1243 3868 Baltimo

151 3903 270 3977 rensis
306 3904 566 3997 abscessisset,
596 3903 748 3978 Revffio
778 3905 827 3978 D.
863 3906 1167 4006 Archiepisoopo
1203 3909 1240 3982 S.

153 4016 336 4091 Ludovici
351 4018 588 4114 praesidente,
598 4018 791 4115 alteroque
806 4044 853 4094 ox
864 4018 1153 4095 Promotoribus
1166 4047 1243 4122 pro-

151 4141 328 4230 ponente,
342 4142 520 4206 statutum
540 4144 598 4205 ost
616 4132 754 4231 gratias
773 4134 1079 4232 quamplurimaS,
1096 4137 1241 4210 nornine

151 4245 323 4338 Concilii,
360 4246 511 4320 Revr‘iro
549 4247 598 4319 D.
637 4246 904 4322 Baltimorensi
942 4249 1241 4349 Archiepiscopo

151 4361 317 4462 agendas
344 4385 412 4458 pro
438 4360 680 4455 humanitate,
706 4362 885 4437 comitate
912 4375 951 4437 et
977 4363 1242 4464 hospitalitate,
