2820 5010
530 409 782 461 raorrncrruu
810 410 872 461 vn.
1175 393 1248 464 291

152 596 285 662 tuem
298 583 488 661 ,ΕΜ-ὅσω
504 586 824 686 septentrionalis
844 586 1146 663 Provinciamm
1162 590 1253 664 elec-

152 702 268 776 tione.
295 699 451 801 (Suprd,
465 704 563 798 117.)
612 698 713 777 cum
725 699 813 776 veni
825 701 976 797 deinde,
987 703 1077 779 Deo
1089 703 1254 799 favente,

151 813 388 891 Dioecesium
401 839 558 890 numero
576 840 644 914 per
656 815 758 890 illam
770 816 966 915 regionem
977 831 1106 914 aucto,
1117 818 1254 896 Eccle-

153 928 338 1028 sias,quae
348 942 462 1006 antea
474 929 538 1006 uni
550 929 806 1029 Metropolitae
816 932 1007 1026 suberant,
1016 934 1113 1008 inter
1126 934 1252 1032 plures

153 1043 282 1141 partiri
298 1068 460 1120 necesse
477 1044 601 1139 suerit,
613 1044 751 1143 aliquid
768 1046 986 1143 supradicto
1000 1048 1170 1143 decreto,
1183 1073 1252 1124 seu

151 1156 402 1254 instructioni,
424 1159 641 1235 addendum
666 1159 786 1234 visum
810 1171 883 1253 est,
904 1172 947 1235 ut
971 1162 1252 1238 commendatio

153 1272 411 1350 Sacerdotum
428 1298 497 1373 pro
510 1273 730 1349 vacantibus
745 1274 936 1351 Eccleeiis
953 1276 999 1350 ea
1014 1275 1160 1351 ratione
1173 1276 1253 1371 fiat,

152 1410 239 1485 quta
261 1413 350 1464 cum
373 1389 471 1464 nova
493 1389 641 1464 illarum
665 1389 878 1487 partitione,
894 1413 941 1465 ac
967 1389 1252 1466 Provinciarum

152 1512 256 1577 statu
279 1502 480 1578 cohoereat
532 1502 699 1579 Proinde
726 1504 768 1578 S.
791 1504 1062 1605 congregatio,
1080 1505 1119 1580 iu
1142 1531 1254 1605 gene-

152 1615 222 1693 rali
238 1628 428 1692 conventu
446 1616 507 1690 die
523 1621 574 1689 ‘10
590 1617 730 1692 mensis
746 1617 851 1692 Junii
867 1618 956 1692 amri
978 1618 1089 1717 hujus
1112 1619 1253 1716 habito,

152 1731 342 1807 referente
375 1730 613 1860 infrascripto
644 1733 815 1831 ejusdem
847 1733 1051 1828 Praefecto,
1079 1734 1252 1809 omnibus

152 1844 297 1921 matme
324 1845 532 1955 perpensis,
547 1847 694 1921 ratione
717 1871 868 1944 quoque
894 1847 1020 1922 habita
1041 1848 1118 1922 voti
1142 1872 1187 1922 ea
1168 1848 1253 1923 de

151 1982 194 2035 re
219 1960 269 2037 ab
294 1948 498 2058 Episcopis
522 1960 676 2035 exhibiti
701 1985 749 2035 ex
774 1960 949 2036 Concilio
971 1961 1049 2036 VH
1073 1961 1253 2037 Baltimo·

151 2075 267 2170 reusi,
279 2074 448 2150 decrevit
460 2087 502 2150 ut
518 2073 556 2148 in
574 2087 781 2173 posterum,
794 2076 952 2151 servatis
966 2077 1092 2173 quood
1110 2053 1254 2174 reliqua

152 2188 197 2265 iis
210 2213 296 2287 quoe
311 2189 350 2263 in
366 2187 585 2287 supradicto
600 2191 756 2267 decreto
773 2189 1013 2266 continentur
1014 2191 1253 2290 ,Archiepis

153 2330 274 2404 copus
292 2304 515 2401 Provinciae,
527 2306 576 2382 ad
590 2330 704 2403 quam
717 2306 880 2405 pertinet
896 2306 1077 2383 Ecclesia
1089 2308 1138 2381 de
1152 2331 1252 2382 novo
1322 2370 1324 2374 .

153 2419 318 2497 Pastore
340 2421 585 2519 providenda,
605 2421 974 2497 commendationem
996 2422 1252 2498 Sacerdotium

153 2534 218 2633 qui
241 2546 514 2634 proponuntur,
537 2535 586 2608 ad
612 2547 762 2611 ceteros
786 2535 1108 2635 Archiepiscopos
1133 2548 1254 2612 trans·

153 2649 290 2745 mittat,
301 2650 366 2749 qui
384 2650 426 2724 S.
442 2649 537 2724 Sedi
553 2674 661 2725 suam
675 2651 902 2726 sententiam
915 2652 963 2727 de
978 2651 1251 2728 Sacerdotibus

152 2764 209 2841 sic
227 2764 503 2842 commendatis
520 2765 700 2863 aperient.

201 2881 347 2957 Datum
372 2880 524 2975 Romae,
540 2905 588 2955 ex
611 2879 773 2957 AEdibus
800 2882 842 2955 S
862 2881 1178 2982 congregationis
1202 2882 1251 2958 de

154 2994 319 3135 Propag.
338 2994 449 3090 Fide,
466 2995 527 3070 die
548 3000 594 3069 10
610 2996 776 3095 Augusti
795 3001 900 3071 1850.

470 3109 506 3184 J
526 3108 599 3185 ΡΗ.
620 3110 742 3185 Orno.
761 3109 1051 3186 FRANSONI
1053 3109 1201 3209 ,Proefl

668 3224 741 3298 Au.
759 3224 993 3321 Braunuo,
974 3251 999 3299 α
1016 3227 1190 3300 Secretis.

485 3473 916 3487 *mmmmm-...mm

543 3634 869 3732 uncturus

157 3861 184 3910 S.
204 3859 533 3910 GONGREGATIONIS
551 3860 601 3910 DE
619 3860 865 3911 PROPAGANDA
884 3860 971 3909 rtur:
999 3859 1110 3909 CIRCA
1128 3859 1253 3910 PHJLA·

192 3973 444 4025 omittensrs
461 3974 509 4024 ΕΤ
527 3974 841 4025 rrr'rsumtcunsrs
857 3973 1081 4024 DJOECESEON
1099 3974 1217 4025 FINES.

234 4132 535 4209 NTISTITES
550 4132 846 4233 Pittsburgensis
860 4145 899 4207 et
912 4132 1253 4233 Philadelphiensis

260 4260 529 4346 exposuerunt,
554 4248 593 4321 in
618 4247 854 4347 assignandis
879 4246 1054 4321 limitibus
1079 4248 1253 4325 dioecesis

156 4362 467 4463 Pittsburgensis,
499 4362 817 4462 Pennsylvaniam
847 4361 1137 4439 Occidentelem
1171 4365 1253 4462 ejus
