2820 5010
555 426 805 479 rnovrncrnns
833 430 856 478 r.
1205 409 1255 479 45

203 603 318 697 Dein,
335 615 563 704 suggerente
589 602 742 679 Revr‘no
768 602 965 702 Episcopo
990 605 1032 680 S.
1058 604 1256 697 Ludovici,

152 719 330 794 convenit
350 718 447 794 inter
464 719 654 795 Praesules
672 719 814 817 aliquot
831 720 1069 820 jurisperitos
1089 720 1254 819 insignes

152 834 366 910 invitandos
393 860 480 910 esse
508 847 563 929 ut,
588 836 648 911 die
676 834 813 909 Martis
841 836 1020 934 proximi,
1044 836 1082 910 in
1109 836 1257 934 publici

154 949 464 1049 Congregatione
485 950 693 1028 sententias
712 974 801 1024 suas
825 949 1002 1025 Patribus
1020 950 1190 1048 aperiant
1207 950 1256 1024 de

155 1065 379 1163 quibusdam
396 1064 542 1164 legibus
557 1064 739 1157 civilibus,
752 1087 911 1162 quarum
927 1077 1108 1140 accurata
1125 1064 1258 1138 notitia

155 1180 205 1254 ad
226 1180 399 1256 Decreta
415 1181 617 1256 condenda
635 1181 684 1255 de
703 1180 813 1254 bonis
838 1179 1135 1273 Ecclesiasticis,
1152 1193 1191 1255 et
1208 1181 1257 1255 de

148 1293 379 1391 judiciorum
393 1293 755 1370 Ecclesiasticorum
766 1294 913 1369 ratione
926 1294 964 1368 in
977 1293 1034 1368 his
1048 1293 1257 1369 Provinciis

157 1410 353 1503 servandi,
368 1407 528 1483 maxime
547 1408 792 1483 desideratur.

206 1520 309 1598 Tum
327 1535 541 1598 statuerunt
562 1523 699 1598 Patres
716 1547 802 1620 quoe
817 1522 855 1596 in
876 1521 1054 1597 Decretis
1072 1526 1109 1615 6,
1124 1526 1162 1616 7,
1178 1527 1202 1596 8
1220 1534 1259 1596 et

157 1639 206 1709 33
224 1638 476 1712 continentur.

208 1752 354 1827 Postea
372 1753 590 1828 Secretario
608 1753 828 1827 mandatum
846 1764 906 1826 est
923 1764 964 1827 ut
981 1751 1151 1826 Decreta
1167 1751 1259 1826 rele-

158 1882 277 1968 geret,
294 1882 333 1944 et
351 1872 549 1944 verborum
573 1868 713 1942 menda
736 1868 941 1967 corrigeret
960 1868 1069 1966 juxta
1087 1868 1259 1940 observa-

157 1982 281 2058 tiones
300 1983 370 2057 sibi
394 1983 414 2055 i
437 1982 599 2058 concilio
618 1982 892 2078 sectantesque
913 1980 1055 2057 Revni
1076 1980 1259 2078 Episcopi

160 2097 202 2170 S.
223 2096 409 2171 Ludovici
427 2096 589 2171 examini
607 2095 819 2193 subjiceret.

357 2373 538 2434 SEPTIMA
560 2372 858 2434 CONGREGATIO
879 2372 1066 2435 PUBLICA.

212 2553 330 2627 Horti
347 2553 455 2627 tertii
472 2552 516 2627 Ρ.
532 2551 588 2626 Μ.
604 2564 863 2627 convenerunt
880 2552 1069 2627 Proesules
1084 2566 1123 2628 et
1135 2553 1263 2629 Theo·

160 2666 247 2766 logi.
298 2666 345 2741 In
373 2666 446 2741 hac
475 2665 796 2765 Congregatione,
823 2664 1025 2766 Theologi,
1052 2667 1263 2767 Episcopo

160 2803 243 2854 rum
272 2793 421 2880 rogatu,
446 2781 494 2855 de
522 2780 689 2878 pluribus
717 2782 843 2874 rebus,
868 2781 1075 2880 praesertim
1101 2807 1185 2879 quae
1212 2783 1263 2857 ad

161 2896 398 2995 Baptismnm
416 2896 617 2994 pertinent,
634 2895 902 2969 disseruenmt.

357 3168 538 3230 SEPTIMA
561 3169 858 3230 CONGREGATIO
879 3169 1071 3230 PRIVATA.

212 3348 291 3425 Dis
319 3352 366 3421 12
389 3347 584 3441 Octobris,
601 3347 687 3423 cinn
714 3347 904 3424 Proesules
929 3349 977 3423 de
1001 3374 1106 3424 more
1130 3377 1265 3428 conve-

162 3465 322 3559 nissent,
339 3465 388 3539 de
405 3463 524 3539 sacris
542 3464 672 3538 ritibus
696 3465 804 3562 plura
820 3465 976 3540 condita
992 3479 1080 3541 sunt
1098 3468 1267 3565 decreta,

164 3606 248 3680 quae
277 3579 443 3654 numeris
476 3584 535 3673 10,
563 3585 621 3673 11,
649 3583 708 3674 12,
736 3583 794 3674 13,
822 3583 881 3674 14,
909 3587 967 3673 15,
995 3586 1053 3676 16,
1081 3587 1126 3658 17
1152 3598 1191 3660 et
1220 3589 1265 3659 19

163 3696 415 3772 continentur.

212 3811 440 3886 Postulante
458 3808 663 3884 admoditm
681 3809 779 3884 Rev.
799 3810 1117 3888 Administratore
1141 3814 1266 3891 Phila-

165 3924 387 4023 delphiensi,
405 3925 452 3999 de
470 3926 567 4021 aqui
590 3924 813 4022 Baptismali
831 3951 991 4001 examen
1016 3914 1150 4003 itenim
1167 3931 1267 4004 insti-

166 4053 287 4116 tutum
306 4052 381 4116 est:
400 4041 469 4115 sed
487 4039 624 4114 Patres
643 4066 713 4115 suo
731 4040 971 4116 adhaeserunt
989 4043 1146 4119 decreto
1163 4047 1265 4143 quod

168 4168 226 4230 est
243 4156 400 4230 Ritunlc
418 4156 623 4231 conforme.
