2820 5010
552 422 802 473 raovmemnn
830 422 868 474 ιι.
1208 405 1257 477 99

151 596 481 690 convenientibus,
495 597 569 672 una
592 623 680 674 cum
706 598 993 674 Promotoribus
1018 611 1056 674 et
1081 599 1257 674 Secreta-

151 709 238 804 riis,
262 711 301 785 in
325 710 502 787 Ecclesia
518 710 606 786 verd
626 712 932 811 Metropolitanb,
949 715 996 788 ab
1019 714 1110 787 bord
1126 717 1258 811 quarta

152 836 241 922 post
257 825 452 902 meridiem
466 827 515 900 ad
533 827 665 901 horam
683 840 843 922 sextam,
855 828 1027 902 omnibus
1047 828 1256 927 Theologis

152 941 433 1014 consultoribus
452 941 697 1015 adstantibus.
751 942 804 1014 Ut
824 952 950 1016 autem
968 942 1125 1016 faciliori
1147 968 1256 1040 expe-

154 1055 354 1153 ditiorique
375 1056 530 1154 negotio
551 1080 658 1131 mens
677 1056 963 1155 Theologomm
981 1058 1029 1130 de
1047 1058 1257 1154 quaestioni-

152 1169 224 1243 bus
254 1169 292 1243 in
320 1170 493 1245 Concilio
522 1170 730 1244 tractandis
758 1169 1026 1266 innotesceret,
1050 1171 1170 1245 visum
1196 1186 1255 1244 est

154 1282 334 1358 Patribus
352 1308 418 1358 eas
433 1284 594 1359 examini
608 1284 792 1358 variamm
807 1284 1154 1384 congregationum
1172 1287 1255 1359 sub·

146 1397 283 1495 jicerc,
300 1422 396 1495 quae,
413 1422 460 1473 ea
477 1423 561 1496 quae
579 1399 626 1473 de
653 1397 711 1471 his
729 1398 924 1493 sentirent,
940 1400 989 1472 ad
1015 1398 1118 1497 ipsos
1144 1398 1256 1474 reler-

156 1523 251 1585 rent

204 1624 280 1699 Die
297 1629 348 1698 24
366 1625 560 1720 Octobris,
575 1625 738 1700 Missam
761 1627 969 1701 solemnem
991 1626 1254 1702 defunctorum

155 1740 360 1815 celebravit
377 1741 505 1816 Rmus
518 1741 736 1841 Episcopus
751 1741 792 1815 S.
808 1741 994 1817 Ludovici
1011 1767 1079 1840 pro
1097 1741 1256 1841 Episco

154 1853 211 1951 pis
230 1854 516 1931 Cincinnatensi
532 1867 571 1931 et
587 1855 626 1928 N
627 1854 954 1930 eo·Aurelianensi
971 1856 1047 1952 qui,
1059 1857 1106 1930 ab
1124 1856 1254 1930 ultimo

154 1967 382 2045 Provinciali
418 1970 604 2065 Concilio,
632 1971 653 2044 d
684 1970 759 2044 vita
792 1970 1015 2069 migrarunt3
1048 1994 1255 2068 eorumque

155 2081 381 2159 Orationem
397 2085 594 2160 funebrem
612 2084 742 2160 habuit
758 2084 931 2159 Revffius
949 2083 998 2158 D.
1013 2083 1041 2157 J
1044 2107 1191 2158 annuns
1208 2085 1253 2158 B.

155 2197 355 2294 Puncnnn,
378 2200 511 2299 prioris
535 2223 747 2275 successor.
798 2197 950 2273 Deinde
975 2196 1061 2272 verb
1085 2199 1255 2274 secunda

156 2312 290 2388 Sessio
303 2314 454 2413 publica
463 2312 1058 2410 habitnest,proutinPontificali
1068 2313 1252 2388 statuitur.

203 2427 281 2501 Die
298 2426 385 2502 verd
405 2432 454 2503 27
473 2426 668 2520 Octobris,
685 2426 887 2520 Praesules,
905 2426 1151 2521 Sacerdotes,
1168 2428 1255 2503 Cle

155 2566 295 2639 rusque
313 2542 448 2635 omnis,
458 2542 617 2616 solemni
630 2541 904 2640 supplicatione
917 2541 1021 2616 circa
1037 2540 1255 2640 Metropoli-

156 2668 285 2733 unam
302 2656 521 2733 Ecclesiam
534 2668 818 2754 processerunt:
836 2656 973 2730 deinde
987 2655 1110 2730 Missa
1123 2656 1256 2730 solem-

156 2771 214 2845 nis
232 2773 280 2847 ab
297 2770 494 2871 Episcopo
512 2770 756 2845 Bostoniensi
772 2782 832 2845 est
849 2771 1049 2844 celebrata.
1094 2771 1256 2866 Concio,

157 2897 243 2983 post
255 2884 431 2979 Missam,
441 2884 568 2960 habita
581 2897 641 2959 est
654 2886 701 2959 ab
716 2883 911 2984 Episcopo
926 2884 1255 2982 Carolopolitan03

157 3010 195 3073 ct
211 2999 350 3073 ceteris
368 3024 452 3097 quae
469 2998 506 3072 in
530 2999 745 3074 Pontifieali
768 2998 1057 3096 praescribuntur
1080 2999 1255 3095 peractis,

157 3110 341 3187 Sessione
371 3113 479 3187 tertii
504 3124 542 3187 et
570 3113 708 3208 ultima,
733 3138 817 3210 quae
842 3120 1048 3208 sequuntur
1075 3111 1252 3187 Decretis

158 3223 293 3301 Patres
312 3227 624 3326 subscripserunt.
