2820 5010
152 380 225 450 loa
434 397 647 449 concussuri
673 397 965 451 asarmonausa

201 573 453 649 Reverendos
470 572 561 648 DD.
574 572 600 645 J
604 596 760 648 ornum
777 573 998 653 Bnnsm
1013 573 1250 657 Lunovrcus

152 688 380 764 Enunanuu
403 688 642 781 Dauruoux,
659 687 701 761 S.
720 686 768 762 T.
790 687 840 763 D.
862 700 904 764 et
926 690 1122 765 Csaouuu
1144 690 1252 764 Iont-

153 827 249 878 rruu
267 804 476 878 Auorsruu
493 801 654 896 Wnrra,
671 801 929 896 Secretarios3

202 917 300 992 Rev.
319 916 369 991 D.
390 916 647 991 Fsuucrscuu
669 915 861 1010 Laeuus,
883 908 1112 1016 Magistrrim
1130 919 1253 993 Caere

152 1031 381 1124 moniarum3
407 1032 565 1130 ejusque
583 1030 808 1130 adjutorem,
823 1030 1052 1131 Magistrum
1067 1032 1095 1107 J
1096 1055 1251 1106 ncoauu

154 1145 414 1221 Bauanrcruu
431 1138 644 1238 Doriscum

202 1260 301 1335 Rev.
330 1259 421 1334 DD.
446 1260 633 1335 Josrsrrsu
660 1260 838 1335 Busaruu
864 1259 1086 1336 Ruunuuuu
1113 1270 1155 1335 et
1180 1258 1252 1335 Pu·

153 1397 259 1450 rruu
276 1374 453 1470 Fnauar,
470 1375 670 1451 Castores.
1143 1400 1147 1409 ·

369 1620 501 1683 rmus
522 1586 820 1683 coucuscano
841 1620 1035 1683 envers.

200 1832 279 1907 Dra
299 1837 345 1907 18
365 1832 474 1926 Maii,
489 1831 581 1906 hord
597 1832 697 1906 nond
713 1832 762 1906 A.
780 1830 837 1906 M.
856 1831 985 1906 habita
1000 1842 1062 1906 est
1083 1832 1250 1930 Congre-

152 1946 255 2045 gatio
272 1946 392 2044 prima
408 1946 553 2043 privata
568 1945 606 2020 in
623 1945 766 2021 aedibus
785 1944 1198 2043 Archiepiscopaiibus.

202 2060 357 2136 Praefirit
386 2061 520 2135 Illffius
549 2085 598 2136 ac
629 2060 805 2137 Rerffius
836 2059 887 2135 D.
915 2059 1251 2159 Archiepiscopus.

153 2173 327 2249 Aderant
343 2175 443 2249 Iuni
460 2199 508 2249 ac
525 2173 667 2249 Revni
683 2173 774 2249 DD.
788 2173 973 2273 Episcopi
989 2174 1104 2274 suprd
1114 2200 1253 2251 memo

152 2288 224 2364 ruti
240 2314 328 2365 curn
347 2287 584 2364 Secretariis.

202 2403 447 2503 Proponeute
466 2403 662 2503 Episcopo
676 2403 934 2498 Bostoniensi,
946 2403 1084 2481 Patres
1096 2429 1254 2481 censue·

151 2532 239 2596 runt
254 2544 332 2594 non
349 2520 527 2618 expedire
544 2530 586 2593 ut
606 2518 794 2617 Episcopi
810 2518 994 2594 ordinaris
1013 2531 1254 2594 assumantur

152 2659 199 2708 ex
214 2634 487 2708 Sacerdotibus
501 2633 565 2731 qui
576 2633 663 2732 jure
677 2632 837 2708 civitatis
854 2633 892 2706 in
910 2634 1125 2709 Foederetis
1139 2634 1254 2708 Arne

152 2749 241 2823 rioae
260 2746 574 2845 Septentrionalis
592 2746 802 2821 Provinciis
820 2772 896 2822 non
916 2747 1092 2847 gaudent.

202 2862 264 2937 De
276 2863 452 2965 erigendi
466 2862 570 2936 Sede
584 2863 680 2935 novi
692 2860 913 2960 Episcopali
928 2862 965 2936 in
976 2862 1128 2938 civitate
1141 2862 1254 2938 Pitts·

152 2977 261 3077 burgi
284 2990 413 3052 actum
436 2990 508 3070 est,
524 2990 563 3051 et
586 2975 764 3051 Patribus
785 2977 905 3050 visum
929 2989 989 3051 est
1011 2989 1190 3075 oportere
1213 2990 1255 3054 ut

153 3093 318 3192 erigatur
329 3093 440 3190 juxta
457 3092 652 3166 decretum
671 3088 804 3188 prioris
822 3089 994 3165 Concilii.

203 3206 384 3306 Rogante
398 3205 594 3303 Episcopo
606 3203 826 3299 methensi,
836 3203 1059 3302 permissum
1071 3218 1132 3282 est
1143 3207 1255 3283 refer·

152 3321 183 3396 ri
199 3321 296 3396 inter
309 3322 413 3396 Acta
431 3319 592 3395 Concilii
607 3319 730 3417 ipsum
748 3344 836 3394 cum
854 3319 1057 3419 Episcopis
1073 3320 1114 3396 N
1115 3323 1254 3399 eoAu·

153 3435 354 3510 relianensi
370 3448 409 3508 et
426 3433 676 3532 Dubuquensi
694 3433 894 3510 dissentire
907 3438 954 3510 ab
973 3435 1254 3536 Episcoporum

153 3550 414 3650 designatione
437 3549 475 3623 in
496 3549 757 3643 Promotores,
774 3547 820 3622 ed
837 3548 937 3645 qudd
960 3550 1008 3623 sit
1024 3562 1162 3625 contra
1177 3576 1254 3627 mo

154 3690 234 3740 rem
253 3665 510 3740 Consiliorum
528 3664 829 3740 Provincialium.

374 3908 503 3969 PRIMA
525 3907 821 3970 CONGREGATIO
843 3908 1030 3973 PUBLICA.

204 4121 280 4194 Dra
309 4123 354 4192 18
377 4118 483 4214 Maii,
499 4121 590 4195 hord
611 4122 741 4218 quarti
765 4119 810 4194 P.
829 4119 885 4194 Μ.
904 4119 1033 4196 habita
1049 4133 1109 4196 est
1134 4124 1251 4222 prirna

155 4233 410 4334 Congregatio
428 4234 577 4333 publica
594 4235 631 4309 in
649 4235 827 4310 Ecclesid
842 4234 1148 4335 Metropolitand.
