2820 5010
150 383 200 455 84
436 401 648 451 concrmun
674 399 963 451 snnrruonrnse

200 575 386 652 XXXIV.
415 576 610 659 Quoniam
621 575 915 674 quamplurimos
927 575 1198 651 adolescentes
1208 599 1254 650 ex

153 691 361 768 Catholicis
376 691 606 789 parentibus,
617 690 824 789 praesertim
837 689 1079 789 pauperihus,
1089 689 1256 782 omos,in

151 806 278 881 multis
292 805 503 881 Provinciae
516 806 627 904 hujus
641 805 736 880 locis
750 805 944 902 expositos
957 828 1060 898 esse,
1072 815 1112 878 et
1129 804 1255 878 adhuc

151 922 290 1020 exponi
310 934 464 997 constat
484 945 623 1019 magno
644 920 734 995 fidei
756 919 975 995 amittendae
997 918 1181 1016 periculo,
1198 917 1256 991 vel

151 1060 300 1112 morum
323 1035 560 1133 corruptela,
577 1037 626 1109 ob
650 1034 815 1132 inopiam
838 1033 968 1108 talium
987 1032 1256 1132 magistrorum

153 1149 287 1248 quibus
304 1161 452 1224 tantum
468 1174 604 1225 munus
623 1147 703 1223 tutd
720 1147 904 1224 committi
921 1147 1061 1246 possit3
1081 1170 1258 1223 necessa·

151 1264 247 1339 rium
274 1263 425 1339 omnind
452 1288 654 1339 censemus
682 1275 724 1338 ut
752 1264 909 1339 Schola
935 1262 1192 1355 instituantur,
1219 1261 1256 1337 in

153 1379 287 1476 quihus
309 1379 470 1477 juvenes
497 1378 731 1453 edoceantur
755 1377 845 1452 fidei
872 1400 1096 1473 morumque
1123 1375 1258 1474 princi·

153 1492 228 1591 pia,
244 1493 334 1568 dum
352 1492 484 1566 litteris
501 1492 727 1567 imbuuntur.

203 1606 368 1682 XXXV.
397 1606 495 1682 Cum
513 1633 590 1681 non
607 1606 691 1682 rard
713 1607 820 1705 plura
836 1606 1071 1708 reperiantur
1093 1605 1133 1681 in
1156 1605 1257 1681 libris

154 1722 218 1820 qui
230 1721 269 1796 in
282 1720 424 1796 scholis
438 1722 659 1820 plerumque
672 1721 910 1814 adhibentur,
921 1720 1057 1819 quihus
1074 1719 1260 1818 principia

155 1836 244 1912 fidei
259 1848 401 1912 nostra·
418 1836 695 1936 impugnantur,
712 1838 892 1936 dogmata
907 1849 1041 1912 nostm
1058 1837 1259 1935 perperam

154 1962 405 2051 exponuntur,
421 1965 461 2026 et
483 1952 567 2049 ipsa
590 1950 748 2027 historia
767 1949 1004 2049 pervertitur,
1021 1952 1093 2048 qud
1110 1950 1257 2025 radone

155 2089 357 2163 puerorum
382 2064 495 2139 animi
518 2065 708 2140 erroribus
733 2065 962 2158 imbuuntur,
984 2063 1033 2139 in
1048 2064 1259 2139 animarum

155 2180 336 2255 damnum
353 2178 634 2278 gravissimum
659 2179 826 2276 postulat
846 2190 927 2253 tum
950 2177 1166 2278 Religionis
1183 2190 1259 2254 stu·

154 2293 272 2387 dium,
284 2306 364 2369 tum
375 2292 584 2392 juventutis
601 2305 709 2368 recta
722 2293 913 2386 educatio,
925 2304 965 2367 et
980 2291 1105 2391 ipsum
1122 2293 1260 2368 Foede

155 2420 248 2484 ratae
265 2408 456 2484 Americae
473 2408 606 2501 decus,
621 2407 830 2481 remedium
852 2406 1006 2504 aliquod
1029 2418 1137 2481 tanto
1157 2406 1260 2483 malo

155 2523 289 2598 efferri.
343 2522 402 2596 Ea
419 2523 467 2596 dc
491 2523 606 2596 causa
629 2521 828 2596 statuimus
847 2521 1121 2619 quamprimhm
1145 2522 1261 2596 eden-

156 2639 228 2715 dos
241 2637 507 2713 inscholarum
520 2660 643 2729 usum,
654 2636 841 2710 erroribus
852 2634 1003 2709 omnind
1015 2649 1261 2735 expurgatos,

156 2766 270 2851 atque
282 2752 427 2852 judicio
443 2752 725 2850 Episcoporum
738 2752 968 2849 approbatos
982 2750 1111 2845 libros,
1123 2752 1259 2849 quihus

156 2868 247 2943 nihil
267 2868 506 2943 contineatur
523 2867 626 2965 quod
648 2866 859 2941 Catholicae
875 2865 965 2940 fidei
981 2866 1110 2940 odium
1128 2867 1187 2940 vel
1208 2867 1260 2941 in-

156 2982 293 3056 vidiam
310 3006 444 3080 parere
462 2980 593 3078 possit.

205 3096 391 3172 XXXVI.
419 3095 593 3194 Insuper,
616 3094 902 3192 sapientissimis
929 3094 1081 3170 monitis
1111 3096 1259 3171 Summi

157 3211 357 3286 Pontificis
375 3209 527 3285 Leonis
543 3207 624 3283 XII
641 3209 701 3282 fel.
719 3233 831 3282 mem.
847 3210 897 3283 ad
915 3210 1259 3309 Archiepiscopum

156 3326 473 3401 Baltimorensem
497 3323 650 3398 directis
675 3325 944 3420 obsequentes,
964 3324 1164 3399 statuimus
1191 3326 1261 3400 So·

158 3440 336 3514 cietatem
354 3439 557 3537 quamdam
574 3438 625 3511 ad
643 3437 945 3512 disseminandos
963 3438 1078 3513 libros
1095 3440 1261 3514 Catholi-

158 3579 227 3629 cos
244 3553 526 3644 instituendam,
542 3577 627 3649 quae
644 3577 692 3626 ex
710 3551 882 3626 Praelatis
905 3553 1015 3652 hujus
1037 3552 1262 3647 Provinciae,

158 3680 198 3742 et
215 3666 295 3740 aliis
314 3691 410 3764 quos
429 3665 500 3739 sibi
517 3664 750 3760 adsciscant,
767 3677 928 3740 constet.

207 3780 414 3856 XXXVII.
443 3779 781 3855 Confirmationem
811 3804 942 3855 eorum
970 3781 1151 3877 omnium,
1179 3807 1262 3881 quae

158 3896 196 3971 in
219 3896 294 3971 hoc
315 3906 448 3970 nostro
467 3893 642 3969 Concilio
666 3894 894 3970 Provinciali
917 3897 1074 3971 decreta
1095 3908 1199 3990 sunt,
1215 3898 1261 3971 ah

159 4009 383 4108 Apostolicd
401 4010 520 4103 Sede,
537 4010 645 4108 cujus
664 4009 826 4083 examini
844 4022 883 4083 et
897 4010 1044 4107 judicio
1063 4011 1262 4110 subjiciun-

159 4140 232 4220 tur,
252 4125 455 4224 petendam
478 4126 688 4200 statuimus.
742 4124 952 4223 Postquam
974 4137 1101 4200 autem
1125 4126 1168 4200 S.
1194 4127 1264 4201 Se-

159 4243 217 4317 dis
245 4241 431 4340 judicium
461 4241 570 4317 nohis
601 4242 817 4335 innotuerit,
845 4242 1040 4317 hortamur
1074 4242 1263 4317 Praesules

159 4382 292 4432 omnes
319 4358 429 4455 hujus
456 4356 669 4431 Provinciae
694 4368 736 4430 ut
762 4358 962 4454 Synodum
992 4358 1264 4433 Dioecesanam
