<?xml version="1.0" encoding="UTF-8"?>
<!DOCTYPE html PUBLIC "-//W3C//DTD XHTML 1.0 Transitional//EN"
    "http://www.w3.org/TR/xhtml1/DTD/xhtml1-transitional.dtd">
<html xmlns="http://www.w3.org/1999/xhtml" xml:lang="en" lang="en">
 <head>
  <title>
</title>
<meta http-equiv="Content-Type" content="text/html;charset=utf-8" />
  <meta name='ocr-system' content='tesseract 3.04.00' />
  <meta name='ocr-capabilities' content='ocr_page ocr_carea ocr_par ocr_line ocrx_word'/>
</head>
<body>
  <div class='ocr_page' id='page_1' title='image "./conciliaprovinc00mdgoog_0117.png"; bbox 0 0 2820 5010; ppageno 0'>
   <div class='ocr_carea' id='block_1_1' title="bbox 533 400 1263 474">
    <p class='ocr_par' dir='ltr' id='par_1_1' title="bbox 533 400 1263 474">
     <span class='ocr_line' id='line_1_1' title="bbox 533 400 1263 474; baseline -0.004 -1"><span class='ocrx_word' id='word_1_1' title='bbox 533 421 784 474; x_wconf 76' lang='lat' dir='ltr'>raovrncrxna</span> <span class='ocrx_word' id='word_1_2' title='bbox 812 422 850 473; x_wconf 88' lang='lat' dir='ltr'>rr.</span> <span class='ocrx_word' id='word_1_3' title='bbox 1193 400 1263 471; x_wconf 79' lang='lat' dir='ltr'>llb</span> 
     </span>
    </p>
   </div>
   <div class='ocr_carea' id='block_1_2' title="bbox 152 594 1345 3906">
    <p class='ocr_par' dir='ltr' id='par_1_2' title="bbox 152 594 1345 3906">
     <span class='ocr_line' id='line_1_2' title="bbox 213 594 1262 695; baseline 0.003 -27"><span class='ocrx_word' id='word_1_4' title='bbox 213 594 348 694; x_wconf 80' lang='lat' dir='ltr'>Itaque</span> <span class='ocrx_word' id='word_1_5' title='bbox 378 597 580 675; x_wconf 85' lang='lat' dir='ltr'>venerabili</span> <span class='ocrx_word' id='word_1_6' title='bbox 613 596 739 673; x_wconf 80' lang='lat' dir='ltr'><strong>Fratri</strong></span> <span class='ocrx_word' id='word_1_7' title='bbox 767 597 931 692; x_wconf 84' lang='lat' dir='ltr'>choso,</span> <span class='ocrx_word' id='word_1_8' title='bbox 959 594 1262 695; x_wconf 86' lang='lat' dir='ltr'>Archiepiscopo</span> 
     </span>
     <span class='ocr_line' id='line_1_3' title="bbox 160 708 1342 813; baseline 0.001 -30"><span class='ocrx_word' id='word_1_9' title='bbox 160 708 441 806; x_wconf 88' lang='lat' dir='ltr'>Baltimorensi,</span> <span class='ocrx_word' id='word_1_10' title='bbox 466 737 579 809; x_wconf 88' lang='lat' dir='ltr'>quern</span> <span class='ocrx_word' id='word_1_11' title='bbox 604 713 642 787; x_wconf 94' lang='lat' dir='ltr'>in</span> <span class='ocrx_word' id='word_1_12' title='bbox 672 711 912 811; x_wconf 71' lang='lat' dir='ltr'>praesentium</span> <span class='ocrx_word' id='word_1_13' title='bbox 940 711 1147 785; x_wconf 88' lang='lat' dir='ltr'>litterarum</span> <span class='ocrx_word' id='word_1_14' title='bbox 1177 735 1262 785; x_wconf 84' lang='lat' dir='ltr'>exe·</span> <span class='ocrx_word' id='word_1_15' title='bbox 1339 807 1342 813; x_wconf 21' lang='grc' dir='ltr'>Ι</span> 
     </span>
     <span class='ocr_line' id='line_1_4' title="bbox 159 826 1261 927; baseline 0 -28"><span class='ocrx_word' id='word_1_16' title='bbox 159 839 363 921; x_wconf 90' lang='lat' dir='ltr'>quutorem</span> <span class='ocrx_word' id='word_1_17' title='bbox 392 827 564 927; x_wconf 80' lang='lat' dir='ltr'>eligimus</span> <span class='ocrx_word' id='word_1_18' title='bbox 594 852 641 902; x_wconf 87' lang='lat' dir='ltr'>ac</span> <span class='ocrx_word' id='word_1_19' title='bbox 672 829 910 927; x_wconf 83' lang='lat' dir='ltr'>deputamus,</span> <span class='ocrx_word' id='word_1_20' title='bbox 939 851 1007 925; x_wconf 91' lang='lat' dir='ltr'>per</span> <span class='ocrx_word' id='word_1_21' title='bbox 1036 826 1261 924; x_wconf 84' lang='lat' dir='ltr'>Apostolica</span> 
     </span>
     <span class='ocr_line' id='line_1_5' title="bbox 160 940 1260 1041; baseline 0.002 -28"><span class='ocrx_word' id='word_1_22' title='bbox 160 940 305 1038; x_wconf 89' lang='lat' dir='ltr'>scripta</span> <span class='ocrx_word' id='word_1_23' title='bbox 321 943 559 1036; x_wconf 82' lang='lat' dir='ltr'>mandamus,</span> <span class='ocrx_word' id='word_1_24' title='bbox 575 953 617 1016; x_wconf 90' lang='lat' dir='ltr'>ut</span> <span class='ocrx_word' id='word_1_25' title='bbox 639 941 720 1040; x_wconf 90' lang='lat' dir='ltr'>ipse</span> <span class='ocrx_word' id='word_1_26' title='bbox 738 965 806 1041; x_wconf 94' lang='lat' dir='ltr'>per</span> <span class='ocrx_word' id='word_1_27' title='bbox 822 966 865 1015; x_wconf 90' lang='lat' dir='ltr'>se</span> <span class='ocrx_word' id='word_1_28' title='bbox 883 941 942 1014; x_wconf 89' lang='lat' dir='ltr'>vel</span> <span class='ocrx_word' id='word_1_29' title='bbox 965 964 1033 1039; x_wconf 94' lang='lat' dir='ltr'>per</span> <span class='ocrx_word' id='word_1_30' title='bbox 1049 941 1144 1015; x_wconf 91' lang='lat' dir='ltr'>alios</span> <span class='ocrx_word' id='word_1_31' title='bbox 1161 940 1260 1015; x_wconf 86' lang='lat' dir='ltr'>viros</span> 
     </span>
     <span class='ocr_line' id='line_1_6' title="bbox 160 1054 1261 1156; baseline 0.001 -28"><span class='ocrx_word' id='word_1_32' title='bbox 160 1054 436 1133; x_wconf 72' lang='lat' dir='ltr'>Ecclesiasticai</span> <span class='ocrx_word' id='word_1_33' title='bbox 455 1057 636 1156; x_wconf 80' lang='lat' dir='ltr'><strong>dignitate</strong></span> <span class='ocrx_word' id='word_1_34' title='bbox 660 1057 869 1156; x_wconf 85' lang='lat' dir='ltr'>insignitos,</span> <span class='ocrx_word' id='word_1_35' title='bbox 886 1058 933 1130; x_wconf 92' lang='lat' dir='ltr'>ab</span> <span class='ocrx_word' id='word_1_36' title='bbox 952 1080 998 1130; x_wconf 90' lang='lat' dir='ltr'>eo</span> <span class='ocrx_word' id='word_1_37' title='bbox 1017 1057 1261 1155; x_wconf 79' lang='lat' dir='ltr'>subdelegan·</span> 
     </span>
     <span class='ocr_line' id='line_1_7' title="bbox 160 1169 1260 1269; baseline 0.001 -26"><span class='ocrx_word' id='word_1_38' title='bbox 160 1169 246 1265; x_wconf 90' lang='lat' dir='ltr'>dos,</span> <span class='ocrx_word' id='word_1_39' title='bbox 258 1171 376 1247; x_wconf 88' lang='lat' dir='ltr'>hasce</span> <span class='ocrx_word' id='word_1_40' title='bbox 392 1185 544 1248; x_wconf 88' lang='lat' dir='ltr'>nostras</span> <span class='ocrx_word' id='word_1_41' title='bbox 561 1172 704 1247; x_wconf 84' lang='lat' dir='ltr'>litteras</span> <span class='ocrx_word' id='word_1_42' title='bbox 722 1172 785 1246; x_wconf 90' lang='lat' dir='ltr'>ubi</span> <span class='ocrx_word' id='word_1_43' title='bbox 803 1183 842 1245; x_wconf 90' lang='lat' dir='ltr'>et</span> <span class='ocrx_word' id='word_1_44' title='bbox 859 1172 1010 1268; x_wconf 90' lang='lat' dir='ltr'>quando</span> <span class='ocrx_word' id='word_1_45' title='bbox 1025 1194 1119 1269; x_wconf 91' lang='lat' dir='ltr'>opus</span> <span class='ocrx_word' id='word_1_46' title='bbox 1137 1170 1260 1266; x_wconf 84' lang='lat' dir='ltr'>fuerit,</span> 
     </span>
     <span class='ocr_line' id='line_1_8' title="bbox 159 1285 1261 1383; baseline 0.003 -26"><span class='ocrx_word' id='word_1_47' title='bbox 159 1306 209 1359; x_wconf 90' lang='lat' dir='ltr'>ac</span> <span class='ocrx_word' id='word_1_48' title='bbox 227 1287 376 1382; x_wconf 90' lang='lat' dir='ltr'>quoties</span> <span class='ocrx_word' id='word_1_49' title='bbox 393 1289 441 1361; x_wconf 94' lang='lat' dir='ltr'>ab</span> <span class='ocrx_word' id='word_1_50' title='bbox 467 1286 511 1360; x_wconf 91' lang='lat' dir='ltr'>iis</span> <span class='ocrx_word' id='word_1_51' title='bbox 529 1310 689 1383; x_wconf 92' lang='lat' dir='ltr'>quorum</span> <span class='ocrx_word' id='word_1_52' title='bbox 714 1285 883 1380; x_wconf 88' lang='lat' dir='ltr'>interest,</span> <span class='ocrx_word' id='word_1_53' title='bbox 899 1297 965 1359; x_wconf 90' lang='lat' dir='ltr'>aut</span> <span class='ocrx_word' id='word_1_54' title='bbox 990 1287 1037 1358; x_wconf 89' lang='lat' dir='ltr'>ab</span> <span class='ocrx_word' id='word_1_55' title='bbox 1055 1285 1180 1383; x_wconf 90' lang='lat' dir='ltr'>aliquo</span> <span class='ocrx_word' id='word_1_56' title='bbox 1199 1310 1261 1360; x_wconf 88' lang='lat' dir='ltr'>co·</span> 
     </span>
     <span class='ocr_line' id='line_1_9' title="bbox 158 1400 1260 1500; baseline -0.001 -26"><span class='ocrx_word' id='word_1_57' title='bbox 158 1423 243 1474; x_wconf 87' lang='lat' dir='ltr'>rum</span> <span class='ocrx_word' id='word_1_58' title='bbox 259 1400 371 1476; x_wconf 88' lang='lat' dir='ltr'>fuerit</span> <span class='ocrx_word' id='word_1_59' title='bbox 393 1402 606 1500; x_wconf 81' lang='lat' dir='ltr'>requisitus,</span> <span class='ocrx_word' id='word_1_60' title='bbox 623 1401 841 1476; x_wconf 89' lang='lat' dir='ltr'>solemniter</span> <span class='ocrx_word' id='word_1_61' title='bbox 862 1400 1026 1499; x_wconf 82' lang='lat' dir='ltr'>publicet</span> <span class='ocrx_word' id='word_1_62' title='bbox 1044 1411 1082 1474; x_wconf 90' lang='lat' dir='ltr'>et</span> <span class='ocrx_word' id='word_1_63' title='bbox 1099 1422 1260 1496; x_wconf 90' lang='lat' dir='ltr'>exequa-</span> 
     </span>
     <span class='ocr_line' id='line_1_10' title="bbox 158 1513 1259 1615; baseline 0.001 -28"><span class='ocrx_word' id='word_1_64' title='bbox 158 1526 233 1608; x_wconf 85' lang='lat' dir='ltr'>tur,</span> <span class='ocrx_word' id='word_1_65' title='bbox 244 1538 292 1590; x_wconf 90' lang='lat' dir='ltr'>ac</span> <span class='ocrx_word' id='word_1_66' title='bbox 310 1514 438 1589; x_wconf 90' lang='lat' dir='ltr'>omnia</span> <span class='ocrx_word' id='word_1_67' title='bbox 454 1526 493 1590; x_wconf 89' lang='lat' dir='ltr'>et</span> <span class='ocrx_word' id='word_1_68' title='bbox 510 1514 657 1615; x_wconf 84' lang='lat' dir='ltr'>singula</span> <span class='ocrx_word' id='word_1_69' title='bbox 672 1515 711 1590; x_wconf 91' lang='lat' dir='ltr'>in</span> <span class='ocrx_word' id='word_1_70' title='bbox 728 1515 784 1589; x_wconf 90' lang='lat' dir='ltr'>eis</span> <span class='ocrx_word' id='word_1_71' title='bbox 802 1526 983 1590; x_wconf 85' lang='lat' dir='ltr'>contenta</span> <span class='ocrx_word' id='word_1_72' title='bbox 998 1513 1114 1589; x_wconf 84' lang='lat' dir='ltr'>saciat</span> <span class='ocrx_word' id='word_1_73' title='bbox 1130 1524 1259 1588; x_wconf 91' lang='lat' dir='ltr'>aucto·</span> 
     </span>
     <span class='ocr_line' id='line_1_11' title="bbox 159 1627 1257 1727; baseline 0.003 -26"><span class='ocrx_word' id='word_1_74' title='bbox 159 1627 270 1703; x_wconf 80' lang='lat' dir='ltr'>ritate</span> <span class='ocrx_word' id='word_1_75' title='bbox 296 1631 426 1705; x_wconf 70' lang='lat' dir='ltr'>nostra</span> <span class='ocrx_word' id='word_1_76' title='bbox 451 1631 499 1705; x_wconf 92' lang='lat' dir='ltr'>ab</span> <span class='ocrx_word' id='word_1_77' title='bbox 528 1631 700 1705; x_wconf 91' lang='lat' dir='ltr'>omnibus</span> <span class='ocrx_word' id='word_1_78' title='bbox 728 1630 778 1704; x_wconf 90' lang='lat' dir='ltr'>ad</span> <span class='ocrx_word' id='word_1_79' title='bbox 809 1653 905 1727; x_wconf 90' lang='lat' dir='ltr'>quos</span> <span class='ocrx_word' id='word_1_80' title='bbox 932 1640 1094 1727; x_wconf 88' lang='lat' dir='ltr'>spectat,</span> <span class='ocrx_word' id='word_1_81' title='bbox 1121 1640 1160 1702; x_wconf 90' lang='lat' dir='ltr'>et</span> <span class='ocrx_word' id='word_1_82' title='bbox 1189 1652 1257 1726; x_wconf 92' lang='lat' dir='ltr'>pro</span> 
     </span>
     <span class='ocr_line' id='line_1_12' title="bbox 158 1743 1258 1842; baseline 0 -26"><span class='ocrx_word' id='word_1_83' title='bbox 158 1753 332 1842; x_wconf 88' lang='lat' dir='ltr'>tempore</span> <span class='ocrx_word' id='word_1_84' title='bbox 355 1744 555 1842; x_wconf 77' lang='lat' dir='ltr'>spectabit,</span> <span class='ocrx_word' id='word_1_85' title='bbox 571 1744 829 1820; x_wconf 89' lang='lat' dir='ltr'>inviolabiliter</span> <span class='ocrx_word' id='word_1_86' title='bbox 846 1743 1053 1835; x_wconf 82' lang='lat' dir='ltr'>observari3</span> <span class='ocrx_word' id='word_1_87' title='bbox 1079 1755 1193 1841; x_wconf 89' lang='lat' dir='ltr'>atque</span> <span class='ocrx_word' id='word_1_88' title='bbox 1216 1754 1258 1818; x_wconf 89' lang='lat' dir='ltr'>ut</span> 
     </span>
     <span class='ocr_line' id='line_1_13' title="bbox 158 1855 1258 1957; baseline -0.002 -25"><span class='ocrx_word' id='word_1_89' title='bbox 158 1868 238 1932; x_wconf 83' lang='lat' dir='ltr'>tam</span> <span class='ocrx_word' id='word_1_90' title='bbox 262 1855 345 1956; x_wconf 90' lang='lat' dir='ltr'>ipse</span> <span class='ocrx_word' id='word_1_91' title='bbox 362 1857 474 1956; x_wconf 73' lang='lat' dir='ltr'>quim</span> <span class='ocrx_word' id='word_1_92' title='bbox 498 1882 671 1956; x_wconf 86' lang='lat' dir='ltr'>personae</span> <span class='ocrx_word' id='word_1_93' title='bbox 688 1859 735 1934; x_wconf 89' lang='lat' dir='ltr'>ab</span> <span class='ocrx_word' id='word_1_94' title='bbox 757 1883 805 1933; x_wconf 92' lang='lat' dir='ltr'>eo</span> <span class='ocrx_word' id='word_1_95' title='bbox 823 1857 1127 1957; x_wconf 83' lang='lat' dir='ltr'>subdelegandae,</span> <span class='ocrx_word' id='word_1_96' title='bbox 1144 1881 1258 1956; x_wconf 90' lang='lat' dir='ltr'>super</span> 
     </span>
     <span class='ocr_line' id='line_1_14' title="bbox 157 1971 1258 2071; baseline 0.001 -27"><span class='ocrx_word' id='word_1_97' title='bbox 157 1973 395 2070; x_wconf 71' lang='lat' dir='ltr'>quicumque</span> <span class='ocrx_word' id='word_1_98' title='bbox 408 1971 646 2071; x_wconf 89' lang='lat' dir='ltr'>oppositione</span> <span class='ocrx_word' id='word_1_99' title='bbox 662 1972 701 2046; x_wconf 93' lang='lat' dir='ltr'>in</span> <span class='ocrx_word' id='word_1_100' title='bbox 718 1985 807 2047; x_wconf 90' lang='lat' dir='ltr'>actu</span> <span class='ocrx_word' id='word_1_101' title='bbox 825 1971 1086 2071; x_wconf 88' lang='lat' dir='ltr'>exequutionis</span> <span class='ocrx_word' id='word_1_102' title='bbox 1104 1995 1258 2069; x_wconf 91' lang='lat' dir='ltr'>quomo·</span> 
     </span>
     <span class='ocr_line' id='line_1_15' title="bbox 158 2085 1256 2184; baseline 0.002 -25"><span class='ocrx_word' id='word_1_103' title='bbox 158 2085 300 2161; x_wconf 87' lang='lat' dir='ltr'>dolibot</span> <span class='ocrx_word' id='word_1_104' title='bbox 316 2085 468 2180; x_wconf 77' lang='lat' dir='ltr'>oriturb,</span> <span class='ocrx_word' id='word_1_105' title='bbox 484 2085 597 2161; x_wconf 88' lang='lat' dir='ltr'>etiam</span> <span class='ocrx_word' id='word_1_106' title='bbox 616 2086 804 2162; x_wconf 70' lang='lat' dir='ltr'>definitive</span> <span class='ocrx_word' id='word_1_107' title='bbox 819 2099 859 2161; x_wconf 89' lang='lat' dir='ltr'>et</span> <span class='ocrx_word' id='word_1_108' title='bbox 879 2089 1114 2184; x_wconf 71' lang='lat' dir='ltr'>quicumque</span> <span class='ocrx_word' id='word_1_109' title='bbox 1131 2085 1256 2184; x_wconf 89' lang='lat' dir='ltr'>appel·</span> 
     </span>
     <span class='ocr_line' id='line_1_16' title="bbox 158 2199 1257 2300; baseline 0 -26"><span class='ocrx_word' id='word_1_110' title='bbox 158 2200 299 2275; x_wconf 88' lang='lat' dir='ltr'>latione</span> <span class='ocrx_word' id='word_1_111' title='bbox 328 2203 485 2295; x_wconf 66' lang='lat' dir='ltr'>remote,</span> <span class='ocrx_word' id='word_1_112' title='bbox 512 2201 762 2300; x_wconf 81' lang='lat' dir='ltr'>pronunciare</span> <span class='ocrx_word' id='word_1_113' title='bbox 791 2200 904 2276; x_wconf 72' lang='lat' dir='ltr'>libere</span> <span class='ocrx_word' id='word_1_114' title='bbox 934 2224 981 2276; x_wconf 92' lang='lat' dir='ltr'>ac</span> <span class='ocrx_word' id='word_1_115' title='bbox 1011 2199 1108 2275; x_wconf 73' lang='lat' dir='ltr'>licite</span> <span class='ocrx_word' id='word_1_116' title='bbox 1137 2200 1257 2299; x_wconf 86' lang='lat' dir='ltr'>possit</span> 
     </span>
     <span class='ocr_line' id='line_1_17' title="bbox 156 2315 1257 2415; baseline 0 -26"><span class='ocrx_word' id='word_1_117' title='bbox 156 2328 273 2414; x_wconf 89' lang='lat' dir='ltr'>atque</span> <span class='ocrx_word' id='word_1_118' title='bbox 286 2316 422 2410; x_wconf 82' lang='lat' dir='ltr'>valeat,</span> <span class='ocrx_word' id='word_1_119' title='bbox 434 2317 735 2392; x_wconf 82' lang='lat' dir='ltr'>contradictores</span> <span class='ocrx_word' id='word_1_120' title='bbox 750 2315 937 2415; x_wconf 90' lang='lat' dir='ltr'>quoslibet</span> <span class='ocrx_word' id='word_1_121' title='bbox 950 2340 996 2390; x_wconf 90' lang='lat' dir='ltr'>ac</span> <span class='ocrx_word' id='word_1_122' title='bbox 1012 2315 1170 2390; x_wconf 84' lang='lat' dir='ltr'>rebelles</span> <span class='ocrx_word' id='word_1_123' title='bbox 1188 2339 1257 2414; x_wconf 89' lang='lat' dir='ltr'>per</span> 
     </span>
     <span class='ocr_line' id='line_1_18' title="bbox 156 2430 1256 2530; baseline 0.001 -26"><span class='ocrx_word' id='word_1_124' title='bbox 156 2430 378 2524; x_wconf 90' lang='lat' dir='ltr'>sententias,</span> <span class='ocrx_word' id='word_1_125' title='bbox 397 2455 580 2506; x_wconf 89' lang='lat' dir='ltr'>censuras</span> <span class='ocrx_word' id='word_1_126' title='bbox 606 2455 814 2530; x_wconf 88' lang='lat' dir='ltr'>poenasque</span> <span class='ocrx_word' id='word_1_127' title='bbox 838 2430 1149 2524; x_wconf 89' lang='lat' dir='ltr'>Ecclesiasticas,</span> <span class='ocrx_word' id='word_1_128' title='bbox 1169 2430 1256 2505; x_wconf 89' lang='lat' dir='ltr'>alia-</span> 
     </span>
     <span class='ocr_line' id='line_1_19' title="bbox 156 2543 1345 2645; baseline 0.003 -25"><span class='ocrx_word' id='word_1_129' title='bbox 156 2569 231 2644; x_wconf 90' lang='lat' dir='ltr'>que</span> <span class='ocrx_word' id='word_1_130' title='bbox 255 2543 351 2645; x_wconf 87' lang='lat' dir='ltr'>juris</span> <span class='ocrx_word' id='word_1_131' title='bbox 377 2557 416 2618; x_wconf 87' lang='lat' dir='ltr'>et</span> <span class='ocrx_word' id='word_1_132' title='bbox 442 2545 534 2620; x_wconf 85' lang='lat' dir='ltr'>sacti</span> <span class='ocrx_word' id='word_1_133' title='bbox 563 2545 731 2620; x_wconf 87' lang='lat' dir='ltr'>remedia</span> <span class='ocrx_word' id='word_1_134' title='bbox 760 2545 1054 2644; x_wconf 91' lang='lat' dir='ltr'>compescendo,</span> <span class='ocrx_word' id='word_1_135' title='bbox 1078 2545 1255 2620; x_wconf 88' lang='lat' dir='ltr'>invocato</span> <span class='ocrx_word' id='word_1_136' title='bbox 1343 2621 1345 2624; x_wconf 83' lang='lat'>.</span> 
     </span>
     <span class='ocr_line' id='line_1_20' title="bbox 156 2659 1255 2759; baseline 0.001 -26"><span class='ocrx_word' id='word_1_137' title='bbox 156 2659 285 2755; x_wconf 86' lang='lat' dir='ltr'>etiam,</span> <span class='ocrx_word' id='word_1_138' title='bbox 307 2659 340 2734; x_wconf 89' lang='lat' dir='ltr'>si</span> <span class='ocrx_word' id='word_1_139' title='bbox 363 2685 460 2758; x_wconf 89' lang='lat' dir='ltr'>opus</span> <span class='ocrx_word' id='word_1_140' title='bbox 486 2660 609 2755; x_wconf 90' lang='lat' dir='ltr'>suerit,</span> <span class='ocrx_word' id='word_1_141' title='bbox 626 2660 763 2735; x_wconf 89' lang='lat' dir='ltr'>auxilio</span> <span class='ocrx_word' id='word_1_142' title='bbox 788 2660 931 2735; x_wconf 89' lang='lat' dir='ltr'>brachii</span> <span class='ocrx_word' id='word_1_143' title='bbox 956 2660 1158 2754; x_wconf 76' lang='lat' dir='ltr'>saeculariS,</span> <span class='ocrx_word' id='word_1_144' title='bbox 1179 2661 1255 2759; x_wconf 92' lang='lat' dir='ltr'>ple-</span> 
     </span>
     <span class='ocr_line' id='line_1_21' title="bbox 156 2775 1254 2873; baseline 0.001 -23"><span class='ocrx_word' id='word_1_145' title='bbox 156 2800 245 2850; x_wconf 86' lang='lat' dir='ltr'>nam</span> <span class='ocrx_word' id='word_1_146' title='bbox 271 2791 311 2851; x_wconf 86' lang='lat' dir='ltr'>et</span> <span class='ocrx_word' id='word_1_147' title='bbox 339 2775 594 2851; x_wconf 87' lang='lat' dir='ltr'>omnimodam</span> <span class='ocrx_word' id='word_1_148' title='bbox 621 2777 841 2850; x_wconf 82' lang='lat' dir='ltr'>facultatem</span> <span class='ocrx_word' id='word_1_149' title='bbox 867 2776 1111 2851; x_wconf 87' lang='lat' dir='ltr'>concedimus</span> <span class='ocrx_word' id='word_1_150' title='bbox 1139 2789 1254 2873; x_wconf 88' lang='lat' dir='ltr'>atquo</span> 
     </span>
     <span class='ocr_line' id='line_1_22' title="bbox 157 2890 1255 2990; baseline 0 -25"><span class='ocrx_word' id='word_1_151' title='bbox 157 2890 344 2990; x_wconf 84' lang='lat' dir='ltr'>largimur.</span> <span class='ocrx_word' id='word_1_152' title='bbox 396 2890 534 2965; x_wconf 90' lang='lat' dir='ltr'>Eidem</span> <span class='ocrx_word' id='word_1_153' title='bbox 558 2891 644 2965; x_wconf 81' lang='lat' dir='ltr'>verb</span> <span class='ocrx_word' id='word_1_154' title='bbox 661 2890 963 2988; x_wconf 91' lang='lat' dir='ltr'>Archiepiscopo</span> <span class='ocrx_word' id='word_1_155' title='bbox 988 2890 1255 2966; x_wconf 86' lang='lat' dir='ltr'>Baltimorensi</span> 
     </span>
     <span class='ocr_line' id='line_1_23' title="bbox 156 3005 1254 3105; baseline 0.001 -24"><span class='ocrx_word' id='word_1_156' title='bbox 156 3006 393 3105; x_wconf 72' lang='lat' dir='ltr'>praecipimus</span> <span class='ocrx_word' id='word_1_157' title='bbox 411 3030 457 3080; x_wconf 90' lang='lat' dir='ltr'>ac</span> <span class='ocrx_word' id='word_1_158' title='bbox 475 3005 712 3099; x_wconf 82' lang='lat' dir='ltr'>mandamus,</span> <span class='ocrx_word' id='word_1_159' title='bbox 724 3019 766 3081; x_wconf 91' lang='lat' dir='ltr'>ut</span> <span class='ocrx_word' id='word_1_160' title='bbox 783 3007 1013 3104; x_wconf 87' lang='lat' dir='ltr'>singulorum</span> <span class='ocrx_word' id='word_1_161' title='bbox 1027 3018 1198 3080; x_wconf 90' lang='lat' dir='ltr'>actorum</span> <span class='ocrx_word' id='word_1_162' title='bbox 1216 3007 1254 3082; x_wconf 94' lang='lat' dir='ltr'>in</span> 
     </span>
     <span class='ocr_line' id='line_1_24' title="bbox 157 3120 1254 3195; baseline 0 -1"><span class='ocrx_word' id='word_1_163' title='bbox 157 3120 290 3195; x_wconf 88' lang='lat' dir='ltr'>harum</span> <span class='ocrx_word' id='word_1_164' title='bbox 313 3120 520 3194; x_wconf 86' lang='lat' dir='ltr'>litternmm</span> <span class='ocrx_word' id='word_1_165' title='bbox 544 3120 767 3195; x_wconf 85' lang='lat' dir='ltr'>executione</span> <span class='ocrx_word' id='word_1_166' title='bbox 791 3120 1113 3194; x_wconf 87' lang='lat' dir='ltr'>conficiendorum</span> <span class='ocrx_word' id='word_1_167' title='bbox 1131 3145 1254 3194; x_wconf 87' lang='lat' dir='ltr'>exem·</span> 
     </span>
     <span class='ocr_line' id='line_1_25' title="bbox 155 3235 1253 3336; baseline 0 -25"><span class='ocrx_word' id='word_1_168' title='bbox 155 3237 249 3336; x_wconf 90' lang='lat' dir='ltr'>plar,</span> <span class='ocrx_word' id='word_1_169' title='bbox 261 3235 476 3311; x_wconf 69' lang='lat' dir='ltr'>authentica</span> <span class='ocrx_word' id='word_1_170' title='bbox 488 3237 607 3310; x_wconf 74' lang='lat' dir='ltr'>sormi</span> <span class='ocrx_word' id='word_1_171' title='bbox 620 3249 828 3328; x_wconf 90' lang='lat' dir='ltr'>exaratum,</span> <span class='ocrx_word' id='word_1_172' title='bbox 841 3236 938 3308; x_wconf 90' lang='lat' dir='ltr'>intra</span> <span class='ocrx_word' id='word_1_173' title='bbox 950 3235 1084 3310; x_wconf 91' lang='lat' dir='ltr'>decem</span> <span class='ocrx_word' id='word_1_174' title='bbox 1102 3260 1253 3312; x_wconf 88' lang='lat' dir='ltr'>menses</span> 
     </span>
     <span class='ocr_line' id='line_1_26' title="bbox 155 3349 1252 3450; baseline 0 -26"><span class='ocrx_word' id='word_1_175' title='bbox 155 3353 203 3425; x_wconf 92' lang='lat' dir='ltr'>ab</span> <span class='ocrx_word' id='word_1_176' title='bbox 217 3350 365 3448; x_wconf 72' lang='lat' dir='ltr'>expleti</span> <span class='ocrx_word' id='word_1_177' title='bbox 376 3349 542 3450; x_wconf 88' lang='lat' dir='ltr'>ipsarum</span> <span class='ocrx_word' id='word_1_178' title='bbox 553 3350 804 3447; x_wconf 88' lang='lat' dir='ltr'>exequutione</span> <span class='ocrx_word' id='word_1_179' title='bbox 816 3349 864 3422; x_wconf 90' lang='lat' dir='ltr'>ad</span> <span class='ocrx_word' id='word_1_180' title='bbox 879 3349 977 3423; x_wconf 86' lang='lat' dir='ltr'>hanc</span> <span class='ocrx_word' id='word_1_181' title='bbox 990 3349 1252 3446; x_wconf 87' lang='lat' dir='ltr'>Apostolicam</span> 
     </span>
     <span class='ocr_line' id='line_1_27' title="bbox 155 3463 1253 3563; baseline 0 -24"><span class='ocrx_word' id='word_1_182' title='bbox 155 3465 302 3546; x_wconf 84' lang='lat' dir='ltr'>Sedcm</span> <span class='ocrx_word' id='word_1_183' title='bbox 313 3465 556 3557; x_wconf 88' lang='lat' dir='ltr'>transmittat,</span> <span class='ocrx_word' id='word_1_184' title='bbox 567 3465 732 3561; x_wconf 93' lang='lat' dir='ltr'>illudque</span> <span class='ocrx_word' id='word_1_185' title='bbox 746 3464 783 3538; x_wconf 94' lang='lat' dir='ltr'>in</span> <span class='ocrx_word' id='word_1_186' title='bbox 798 3463 966 3537; x_wconf 72' lang='lat' dir='ltr'>Archino</span> <span class='ocrx_word' id='word_1_187' title='bbox 981 3464 1253 3563; x_wconf 85' lang='lat' dir='ltr'>Congregatio-</span> 
     </span>
     <span class='ocr_line' id='line_1_28' title="bbox 153 3577 1254 3677; baseline 0 -23"><span class='ocrx_word' id='word_1_188' title='bbox 153 3579 213 3654; x_wconf 91' lang='lat' dir='ltr'>nis</span> <span class='ocrx_word' id='word_1_189' title='bbox 230 3578 495 3677; x_wconf 84' lang='lat' dir='ltr'>Propagandae</span> <span class='ocrx_word' id='word_1_190' title='bbox 517 3577 629 3653; x_wconf 90' lang='lat' dir='ltr'>Fidei</span> <span class='ocrx_word' id='word_1_191' title='bbox 649 3578 833 3653; x_wconf 86' lang='lat' dir='ltr'>asservari</span> <span class='ocrx_word' id='word_1_192' title='bbox 850 3578 1031 3653; x_wconf 88' lang='lat' dir='ltr'>volumus.</span> <span class='ocrx_word' id='word_1_193' title='bbox 1084 3578 1254 3654; x_wconf 85' lang='lat' dir='ltr'>Praesen·</span> 
     </span>
     <span class='ocr_line' id='line_1_29' title="bbox 152 3689 1252 3792; baseline -0.002 -22"><span class='ocrx_word' id='word_1_194' title='bbox 152 3708 213 3771; x_wconf 91' lang='lat' dir='ltr'>tes</span> <span class='ocrx_word' id='word_1_195' title='bbox 231 3692 319 3768; x_wconf 85' lang='lat' dir='ltr'>verb</span> <span class='ocrx_word' id='word_1_196' title='bbox 344 3693 488 3767; x_wconf 90' lang='lat' dir='ltr'>litteras</span> <span class='ocrx_word' id='word_1_197' title='bbox 510 3716 661 3791; x_wconf 89' lang='lat' dir='ltr'>semper</span> <span class='ocrx_word' id='word_1_198' title='bbox 681 3717 726 3766; x_wconf 94' lang='lat' dir='ltr'>ac</span> <span class='ocrx_word' id='word_1_199' title='bbox 751 3689 932 3792; x_wconf 75' lang='lat' dir='ltr'>perpetuo</span> <span class='ocrx_word' id='word_1_200' title='bbox 950 3692 1091 3766; x_wconf 84' lang='lat' dir='ltr'>validas</span> <span class='ocrx_word' id='word_1_201' title='bbox 1116 3706 1154 3768; x_wconf 89' lang='lat' dir='ltr'>et</span> <span class='ocrx_word' id='word_1_202' title='bbox 1178 3694 1252 3768; x_wconf 89' lang='lat' dir='ltr'>effi-</span> 
     </span>
     <span class='ocr_line' id='line_1_30' title="bbox 153 3806 1253 3906; baseline -0.002 -22"><span class='ocrx_word' id='word_1_203' title='bbox 153 3833 269 3884; x_wconf 89' lang='lat' dir='ltr'>caces</span> <span class='ocrx_word' id='word_1_204' title='bbox 295 3806 458 3881; x_wconf 83' lang='lat' dir='ltr'>existere</span> <span class='ocrx_word' id='word_1_205' title='bbox 484 3831 530 3882; x_wconf 89' lang='lat' dir='ltr'>ac</span> <span class='ocrx_word' id='word_1_206' title='bbox 557 3807 651 3899; x_wconf 87' lang='lat' dir='ltr'>lore,</span> <span class='ocrx_word' id='word_1_207' title='bbox 675 3807 851 3904; x_wconf 86' lang='lat' dir='ltr'>nulloque</span> <span class='ocrx_word' id='word_1_208' title='bbox 877 3827 1041 3904; x_wconf 90' lang='lat' dir='ltr'>unquam</span> <span class='ocrx_word' id='word_1_209' title='bbox 1069 3820 1253 3906; x_wconf 88' lang='lat' dir='ltr'>ternpore,</span> 
     </span>
    </p>
   </div>
   <div class='ocr_carea' id='block_1_3' title="bbox 152 3921 1398 4021">
    <p class='ocr_par' dir='ltr' id='par_1_3' title="bbox 152 3921 1398 4021">
     <span class='ocr_line' id='line_1_31' title="bbox 152 3921 1398 4021; baseline -0.003 -22"><span class='ocrx_word' id='word_1_210' title='bbox 152 3921 419 4021; x_wconf 80' lang='lat' dir='ltr'>subreptionis,</span> <span class='ocrx_word' id='word_1_211' title='bbox 435 3921 678 4020; x_wconf 88' lang='lat' dir='ltr'>obreptionis,</span> <span class='ocrx_word' id='word_1_212' title='bbox 701 3933 766 3995; x_wconf 90' lang='lat' dir='ltr'>aut</span> <span class='ocrx_word' id='word_1_213' title='bbox 790 3921 968 3995; x_wconf 90' lang='lat' dir='ltr'>nullitatis</span> <span class='ocrx_word' id='word_1_214' title='bbox 992 3921 1093 4014; x_wconf 90' lang='lat' dir='ltr'>vitio,</span> <span class='ocrx_word' id='word_1_215' title='bbox 1110 3946 1177 3996; x_wconf 90' lang='lat' dir='ltr'>seu</span> <span class='ocrx_word' id='word_1_216' title='bbox 1200 3923 1253 3997; x_wconf 88' lang='lat' dir='ltr'>in·</span> <span class='ocrx_word' id='word_1_217' title='bbox 1389 3967 1398 3985; x_wconf 58' lang='grc' dir='ltr'><strong><em>ι</em></strong></span> 
     </span>
    </p>
   </div>
   <div class='ocr_carea' id='block_1_4' title="bbox 153 4035 1251 4475">
    <p class='ocr_par' dir='ltr' id='par_1_4' title="bbox 153 4035 1251 4475">
     <span class='ocr_line' id='line_1_32' title="bbox 153 4035 1251 4134; baseline -0.001 -20"><span class='ocrx_word' id='word_1_218' title='bbox 153 4037 333 4114; x_wconf 89' lang='lat' dir='ltr'>tentionis</span> <span class='ocrx_word' id='word_1_219' title='bbox 356 4048 497 4113; x_wconf 86' lang='lat' dir='ltr'>nostrae</span> <span class='ocrx_word' id='word_1_220' title='bbox 520 4037 640 4111; x_wconf 89' lang='lat' dir='ltr'>aliove</span> <span class='ocrx_word' id='word_1_221' title='bbox 663 4036 794 4134; x_wconf 88' lang='lat' dir='ltr'>quovis</span> <span class='ocrx_word' id='word_1_222' title='bbox 819 4035 985 4129; x_wconf 88' lang='lat' dir='ltr'>defectu,</span> <span class='ocrx_word' id='word_1_223' title='bbox 1001 4037 1114 4110; x_wconf 89' lang='lat' dir='ltr'>etiam</span> <span class='ocrx_word' id='word_1_224' title='bbox 1138 4061 1185 4112; x_wconf 86' lang='lat' dir='ltr'>ex</span> <span class='ocrx_word' id='word_1_225' title='bbox 1203 4063 1251 4113; x_wconf 88' lang='lat' dir='ltr'>eo</span> 
     </span>
     <span class='ocr_line' id='line_1_33' title="bbox 154 4150 1251 4252; baseline -0.002 -23"><span class='ocrx_word' id='word_1_226' title='bbox 154 4153 253 4252; x_wconf 80' lang='lat' dir='ltr'>quod</span> <span class='ocrx_word' id='word_1_227' title='bbox 270 4152 295 4227; x_wconf 90' lang='lat' dir='ltr'>ii</span> <span class='ocrx_word' id='word_1_228' title='bbox 312 4177 471 4250; x_wconf 91' lang='lat' dir='ltr'>quorum</span> <span class='ocrx_word' id='word_1_229' title='bbox 489 4151 646 4225; x_wconf 92' lang='lat' dir='ltr'>interest</span> <span class='ocrx_word' id='word_1_230' title='bbox 662 4176 730 4225; x_wconf 89' lang='lat' dir='ltr'>seu</span> <span class='ocrx_word' id='word_1_231' title='bbox 751 4150 936 4224; x_wconf 89' lang='lat' dir='ltr'>interesse</span> <span class='ocrx_word' id='word_1_232' title='bbox 959 4151 1079 4248; x_wconf 90' lang='lat' dir='ltr'>possit</span> <span class='ocrx_word' id='word_1_233' title='bbox 1101 4151 1139 4226; x_wconf 93' lang='lat' dir='ltr'>in</span> <span class='ocrx_word' id='word_1_234' title='bbox 1156 4153 1251 4228; x_wconf 86' lang='lat' dir='ltr'>lutu-</span> 
     </span>
     <span class='ocr_line' id='line_1_34' title="bbox 154 4264 1251 4365; baseline 0.002 -25"><span class='ocrx_word' id='word_1_235' title='bbox 154 4291 249 4361; x_wconf 92' lang='lat' dir='ltr'>mm,</span> <span class='ocrx_word' id='word_1_236' title='bbox 265 4267 429 4365; x_wconf 85' lang='lat' dir='ltr'>cujusvis</span> <span class='ocrx_word' id='word_1_237' title='bbox 447 4266 581 4357; x_wconf 76' lang='lat' dir='ltr'>statiis,</span> <span class='ocrx_word' id='word_1_238' title='bbox 598 4265 750 4360; x_wconf 88' lang='lat' dir='ltr'>ordinis,</span> <span class='ocrx_word' id='word_1_239' title='bbox 767 4264 1055 4363; x_wconf 82' lang='lat' dir='ltr'>praeeminentiae</span> <span class='ocrx_word' id='word_1_240' title='bbox 1072 4289 1118 4339; x_wconf 90' lang='lat' dir='ltr'>ac</span> <span class='ocrx_word' id='word_1_241' title='bbox 1137 4266 1251 4365; x_wconf 86' lang='lat' dir='ltr'>digni·</span> 
     </span>
     <span class='ocr_line' id='line_1_35' title="bbox 154 4378 1251 4475; baseline 0 -20"><span class='ocrx_word' id='word_1_242' title='bbox 154 4381 242 4455; x_wconf 89' lang='lat' dir='ltr'>tatis</span> <span class='ocrx_word' id='word_1_243' title='bbox 260 4380 347 4475; x_wconf 90' lang='lat' dir='ltr'>sint,</span> <span class='ocrx_word' id='word_1_244' title='bbox 358 4379 429 4455; x_wconf 91' lang='lat' dir='ltr'>illis</span> <span class='ocrx_word' id='word_1_245' title='bbox 447 4403 524 4454; x_wconf 93' lang='lat' dir='ltr'>non</span> <span class='ocrx_word' id='word_1_246' title='bbox 541 4380 814 4475; x_wconf 88' lang='lat' dir='ltr'>consenserint,</span> <span class='ocrx_word' id='word_1_247' title='bbox 826 4390 892 4455; x_wconf 87' lang='lat' dir='ltr'>aut</span> <span class='ocrx_word' id='word_1_248' title='bbox 908 4378 1056 4455; x_wconf 68' lang='lat' dir='ltr'>minimis</span> <span class='ocrx_word' id='word_1_249' title='bbox 1071 4381 1195 4455; x_wconf 86' lang='lat' dir='ltr'>vocati</span> <span class='ocrx_word' id='word_1_250' title='bbox 1212 4393 1251 4455; x_wconf 90' lang='lat' dir='ltr'>et</span> 
     </span>
    </p>
   </div>
   <div class='ocr_carea' id='block_1_5' title="bbox 0 0 1414 5010">
    <p class='ocr_par' dir='ltr' id='par_1_5' title="bbox 0 0 1414 5010">
     <span class='ocr_line' id='line_1_36' title="bbox 0 0 1414 5010; baseline 0 2"><span class='ocrx_word' id='word_1_251' title='bbox 0 0 1414 5010; x_wconf 95' lang='lat' dir='ltr'> </span> 
     </span>
    </p>
   </div>
  </div>
 </body>
</html>
