2820 5010
581 370 809 423 Phossaton.

341 690 665 755 CONGREGA'I'IO
695 689 817 753 NONA
848 687 1058 767 PRIVATA,

285 869 339 911 nm
360 871 526 924 usncunn,
548 871 620 912 mon
644 852 689 922 19,
712 869 796 910 nono
822 850 858 911 10
880 869 909 909 o.
926 867 962 908 u.
985 866 1115 908 ninias.

205 1005 447 1078 Aurusnunr
465 1005 600 1078 Patres
619 1029 750 1078 omnes
768 1027 855 1077 cum
873 1000 1118 1075 Officialibus.

205 1118 328 1193 Lecta
357 1131 415 1193 est
450 1119 610 1216 epistola
642 1120 691 1192 ad
727 1118 802 1190 SS.
830 1117 879 1191 D.
909 1115 1070 1212 Papam,
1096 1113 1247 1187 nomine

154 1232 316 1306 Consilii
330 1233 523 1325 mittenda,
541 1256 653 1328 quam
670 1255 784 1328 quum
808 1229 1080 1325 approbassent
1098 1227 1248 1319 Patres,

152 1347 352 1420 voluerunt
369 1371 453 1419 cam
478 1346 593 1420 nitide
619 1344 819 1437 conscribi,
836 1344 888 1417 ita
911 1356 952 1418 ut
978 1354 1064 1440 post
1082 1343 1250 1439 Congre-

154 1460 345 1559 gationem
386 1461 728 1559 postmeridianam,
761 1458 894 1557 singuli
936 1458 970 1532 ei
1012 1456 1248 1532 subscribere

155 1575 311 1673 possint.

206 1689 346 1764 Latum
374 1703 433 1765 est
461 1691 667 1781 decretum,
695 1688 823 1778 Quum
850 1687 1135 1786 sapientissimo
1161 1710 1248 1759 coo·

154 1803 253 1876 silio.

207 1916 450 2013 Propositum
467 1917 535 1990 fuit
562 1915 777 1990 Societates
795 1913 844 1987 ad
862 1913 1013 1988 scholas
1040 1911 1248 1987 catholicas

156 2032 423 2104 sustentandas
450 2031 666 2122 instituere3
691 2028 759 2103 sed
786 2027 880 2101 votis
909 2029 1065 2100 Patrum
1093 2027 1250 2123 exquisi-

156 2143 217 2237 tis,
235 2146 323 2219 dum
341 2145 554 2242 quindecim
579 2144 799 2218 statuendas
824 2142 973 2236 vellent,
994 2142 1186 2216 sexdecim
1211 2141 1249 2215 in

155 2270 302 2355 partem
320 2258 545 2333 contrariam
563 2257 717 2331 iverunt.
1017 2251 1026 2263 ’

208 2372 307 2445 Lata
324 2386 411 2447 sunt
428 2375 583 2447 decreta
600 2371 810 2468 sequentia:
842 2370 972 2445 Visum
989 2383 1047 2444 est
1064 2370 1249 2445 Patribus
1329 2415 1331 2420 -

156 2488 265 2560 valde
282 2489 471 2586 expedire,
489 2488 536 2560 de
555 2486 800 2561 Canceliariis
819 2484 1046 2575 statuendis3
1077 2485 1250 2559 Consuli-

156 2625 245 2675 muo
262 2602 478 2701 Episcopis,
495 2602 542 2674 de
562 2599 779 2674 Seminariis
800 2597 1090 2688 ecciesiasticis3
1115 2623 1250 2672 coosu-

158 2715 313 2789 ondam
337 2717 527 2815 episcopis
543 2727 587 2788 ut
603 2718 646 2788 in
670 2716 765 2807 suis,
783 2713 829 2785 de
856 2712 1032 2786 librorum
1058 2712 1250 2803 examine,
1303 2709 1308 2717 ’

157 2830 220 2902 Ne
238 2830 283 2902 de
299 2832 338 2903 oi
360 2841 398 2904 ct
422 2830 668 2929 obligatione,
686 2829 733 2901 de
759 2826 1054 2926 promulgatione
1081 2826 1250 2900 decreto-

157 2967 239 3017 rum
258 2943 368 3042 hujus
388 2943 558 3019 Consilii.

208 3057 411 3155 Proposito
439 3058 604 3154 quodam
635 3056 789 3130 decreto
819 3056 865 3128 de
894 3053 1132 3144 coemeteriis,
1159 3054 1250 3127 illud

159 3171 306 3245 sancire
339 3173 539 3246 noluerunt
572 3170 728 3244 Patres:
767 3169 905 3267 pariter
934 3168 1167 3242 Societatem
1201 3169 1249 3242 ad

153 3284 241 3382 jura
257 3284 421 3359 fidelium
438 3284 579 3358 tuenda
595 3284 788 3357 instituere
805 3294 1036 3357 recusarunt.

207 3398 495 3497 Pittsburgensi,
506 3398 815 3495 Carolopolitano
833 3409 872 3470 et
885 3396 1249 3494 Ludovicopolitano

160 3538 255 3586 onus
275 3514 403 3586 datum
421 3525 479 3587 est
497 3512 722 3587 curriculum
741 3510 948 3585 studiorum
970 3510 1061 3583 satis
1087 3511 1250 3607 amplum
1297 3568 1304 3577 .

160 3623 1251 3725 designare,cuiSeminariorumecclesiasticorumalumni

160 3765 246 3813 sese
265 3742 364 3814 dent.

210 3854 336 3950 Tunc,
361 3881 474 3952 quum
504 3853 889 3929 denominationibus
921 3865 1023 3926 esset
1052 3852 1253 3950 agendum,

159 3982 399 4044 recesserunt
417 3968 631 4044 Secretarii.
