2820 5010
152 347 201 420 54
440 362 653 416 concinunt
680 360 970 413 stnnuonmss

151 543 271 620 Petro
294 554 335 618 et
360 540 497 634 Paulo,
514 551 553 615 et
576 537 750 614 omnibus
776 537 946 632 Sanctis,
962 560 1255 636 consequamur.

207 657 368 732 otono.
395 655 499 749 Fiat,
514 654 591 729 fiat
643 653 783 746 Amen,
799 676 921 727 amen

202 769 400 845 Absolutis
425 766 789 860 declamationibus,
806 777 982 842 csntotus
1005 777 1067 841 est
1091 765 1255 864 hymnus

157 883 209 961 Te
222 886 352 960 Deum
362 913 374 975 ,·
392 896 431 959 et
449 895 537 982 post
554 883 748 981 hymnum,
759 906 827 980 per
844 881 1038 955 Revffium
1055 880 1105 954 D.
1121 881 1256 957 Archi·

151 1000 373 1100 episcopum
399 1023 564 1097 sequens
591 996 727 1071 Oratio
757 1020 827 1094 pro
855 995 1059 1096 grstianrm
1084 996 1253 1073 actione:

621 1265 784 1316 OREMUS·

201 1449 224 1490 “
232 1443 355 1536 Deus,
367 1442 476 1543 cujus
490 1440 757 1517 misericordiae
769 1465 847 1515 non
860 1453 919 1515 est
932 1465 1126 1535 nomenis,
1138 1441 1254 1516 etbo

150 1555 277 1632 nitatis
295 1557 460 1631 infinitus
474 1567 534 1630 est
546 1554 765 1647 thesaurus,
783 1553 960 1654 piissimae
971 1555 1164 1652 majestati
1179 1567 1255 1630 tute

152 1696 220 1771 pro
229 1672 377 1748 collatis
386 1671 495 1746 donis
507 1670 647 1771 gratias
656 1670 926 1770 agimus,tuam
934 1669 1254 1770 semporclemen·

152 1787 243 1861 tiam
265 1798 484 1860 exorantes:
509 1798 563 1878 ut,
584 1785 648 1883 qui
668 1784 882 1883 petentibus
904 1785 1096 1883 postulato
1117 1808 1255 1861 conce·

152 1899 225 1995 dis,
235 1901 393 1975 eosdem
404 1924 481 1973 non
493 1900 688 1992 deserens,
698 1900 747 1974 ad
759 1898 913 1997 praemis
922 1899 1048 1973 futura
1060 1899 1252 1999 disponas.

152 2013 230 2090 Per
240 2014 448 2090 Dominum
459 2014 773 2089 nostrumJesum
781 2013 975 2089 Christum
986 2013 1125 2089 Filium
1135 2026 1255 2110 tunm,

152 2129 217 2227 qui
241 2141 369 2204 tecum
394 2128 481 2203 vivit
503 2142 542 2203 et
562 2142 697 2228 regnat
717 2129 755 2203 in
775 2128 919 2203 unitate
943 2127 1106 2227 Spirittis
1129 2131 1254 2207 sancti

152 2244 277 2337 Deus,
292 2268 360 2342 per
377 2244 504 2319 omnia
521 2245 662 2319 saecula
679 2244 913 2320 soeculorum.
966 2233 1012 2340 Id
1040 2243 1206 2321 Amen”

203 2360 305 2436 Tum
320 2361 410 2436 date
423 2373 482 2435 est
496 2360 594 2453 Psx,
605 2361 760 2460 singulis
774 2360 978 2460 Episcopis
992 2361 1042 2435 ad
1059 2360 1253 2439 Revfflum

152 2475 202 2552 D.
223 2475 578 2574 Archiepiscopum,
594 2487 634 2549 et
654 2475 792 2550 dehinc
809 2475 860 2550 od
882 2487 1033 2550 ceteros
1054 2474 1255 2571 Praeistos,
1298 2469 1302 2477 ’

146 2591 258 2693 juxta
271 2590 570 2666 consecrationis
584 2591 767 2685 ordinem,
779 2583 1060 2666 accedentibus.
1107 2590 1255 2668 Postea

153 2705 329 2782 Revinus
355 2705 404 2779 D.
424 2704 761 2803 Archiepiscopus,
777 2704 815 2778 in
835 2704 961 2780 medio
983 2703 1092 2779 altori
1116 2708 1254 2783 consti·

153 2833 271 2914 tutus,
283 2822 389 2895 versi
406 2820 456 2894 ad
474 2820 653 2917 populum
670 2819 782 2912 facie,
794 2843 899 2893 more
917 2819 1028 2893 solito
1043 2820 1252 2898 solemnem

153 2935 459 3012 benedictionem
485 2934 694 3032 impertitus
719 2946 793 3008 est:
819 2945 859 3008 et
882 2933 1060 3008 Diacono
1088 2949 1254 3034 postmo

154 3052 242 3127 ditm
260 3052 361 3127 clari
377 3075 472 3125 voce
491 3049 655 3142 dicente,
671 3050 911 3124 Reccdmoo
927 3050 972 3123 in
980 3074 1110 3149 pacm
1135 3051 1254 3127 ceteri

153 3167 442 3266 responderunt,
471 3166 519 3239 In
547 3167 703 3239 nomm
735 3164 891 3258 Christi,
917 3190 1056 3240 amen:
1085 3178 1253 3266 tuncque

154 3306 287 3356 omnes
305 3280 445 3380 pariter
462 3292 673 3378 surgentes,
690 3278 846 3376 pacifice
864 3293 1116 3355 recessenmt.

204 3398 387 3495 Vespere
409 3396 501 3471 hori
521 3398 652 3493 quarti
672 3395 716 3470 Ρ.
739 3395 794 3469 Μ.
814 3408 977 3471 cantotae
998 3409 1098 3491 sunt,
1118 3398 1254 3497 quibus

152 3511 401 3588 interfuerunt
430 3510 603 3586 Revmus
634 3511 683 3584 D.
716 3494 1039 3609 Archiepiscopus
1067 3525 1106 3587 et
1136 3514 1254 3590 ceteri

155 3627 308 3703 Praelati
334 3624 599 3725 pontificaliter
622 3624 754 3719 induti,
771 3624 990 3722 Presbyteri
1015 3626 1129 3702 etiam
1147 3629 1255 3704 vesti·v

154 3743 225 3819 bus
252 3739 551 3817 sacerdotalibus
578 3738 709 3813 ornati.
761 3738 888 3816 Lecta
914 3752 975 3815 ost
1004 3740 1180 3842 Epistola
1204 3745 1255 3820 ad

155 3858 311 3933 Fideles
341 3854 565 3949 Provinciae,
592 3867 631 3929 et
658 3855 837 3931 solemnis
866 3857 986 3933 SSr‘ni
1014 3858 1256 3938 Secmmenti

154 3972 371 4050 benedictio
390 3972 489 4046 data.

206 4072 384 4149 Absoluti
415 4084 503 4171 post
533 4071 614 4146 dies
645 4071 849 4147 duodecim
878 4073 1041 4150 Concilii
1074 4075 1257 4174 Decreta,

156 4186 326 4263 Romam
350 4187 400 4261 od
425 4185 693 4261 Beatissimum
714 4210 761 4261 ac
786 4187 861 4261 SS.
880 4186 1037 4263 Patrem
1062 4188 1171 4266 Puni
1194 4193 1255 4269 fol.

157 4329 233 4380 roc.
246 4303 326 4379 ΡΡ.
342 4301 454 4396 VIII,
465 4300 734 4377 RR.PP.DD.
750 4327 864 4400 supra
876 4307 1176 4402 commemorati,
1188 4332 1257 4407 pro

154 4417 444 4496 confirmatione
461 4416 657 4511 miserunt,
673 4414 711 4489 in
732 4415 833 4493 hunc
851 4419 1007 4495 modum
1028 4421 1258 4501 scribentes:
