2820 5010
552 413 803 465 euonncnne
831 415 855 465 1.
944 449 946 453 ¹
1204 393 1255 463 39

151 592 419 692 congregatis,
443 591 654 665 &emunt
677 590 791 664 hosce
815 589 1058 665 Reuerendoe
1082 590 1186 664 viros
1210 590 1255 662 iu

159 706 350 802 officiales
377 705 494 805 hujus
522 705 651 780 saneti
679 703 845 778 Concilii
874 705 1071 804 eligendos
1099 729 1193 796 esee,
1218 714 1255 783 et

152 818 321 920 legitimi
329 825 420 920 jem
435 821 588 913 eleetos,
598 843 757 919 nempe:
775 818 1056 912 Promotorem,
1069 819 1255 892 Reoutum

151 933 204 1007 D.
228 933 273 1007 B.
293 934 499 1027 Funwicn,
521 933 759 1032 Episcopum
781 932 1102 1021 Bononiensem
1129 933 1255 1006 Secre-

153 1049 289 1142 iarios,
305 1049 548 1123 Reverendoe
576 1048 667 1122 DD.
694 1046 921 1122 Eounnnun'
949 1047 1190 1141 Dnnenoux,
1215 1048 1252 1120 S.

158 1161 201 1237 T.
219 1163 270 1237 D.
289 1175 327 1238 et
347 1163 603 1238 Fnenciscuu
620 1161 665 1236 P.
683 1161 889 1253 Kenn1cn3
913 1161 1157 1262 Magistrum
1177 1161 1255 1236 Ce-

152 1279 430 1371 remouiaoum,
454 1277 545 1352 Rev.
571 1277 622 1351 D.
647 1275 834 1349 Jonnnsn
859 1275 1008 1349 Josnen
1040 1277 1255 1367 Caeneum

156 1391 359 1486 Omeros,
374 1391 619 1466 Reverendos
640 1390 731 1464 DD.
749 1389 1005 1465 anncncuu
1022 1389 1199 1467 Lnounu
1217 1401 1255 1466 et

152 1504 181 1579 J
183 1530 339 1579 osunen
356 1506 589 1581 Renounnn.

204 1619 351 1695 Postea
374 1619 550 1695 Revffius
575 1619 781 1697 Promotor
804 1618 998 1694 Revfflum
1024 1618 1073 1694 D.
1098 1618 1255 1695 Anchie-

153 1733 354 1832 piscopum
379 1734 577 1810 allocutus·
591 1745 651 1809 est
675 1734 734 1809 his
757 1735 896 1810 verbis:
921 1735 1185 1810 illustrissime
1208 1761 1255 1810 ae

153 1849 484 1925 Reoermdissime
508 1851 691 1943 Domine,
707 1862 801 1949 peto
825 1861 871 1925 ut
895 1851 1080 1950 legentur
1103 1851 1257 1926 decreta

157 1962 325 2039 Concilt'i
346 1963 563 2040 ffldentini
579 1966 626 2039 de
642 1962 895 2062 Profeosioue
902 1965 1015 2061 fidei,
1031 1977 1069 2038 et
1085 1966 1131 2039 de
1148 1966 1256 2040 Resi-

153 2077 293 2153 dentid.
344 2077 447 2155 Tum
464 2103 595 2154 versus
613 2080 663 2154 ed
683 2078 858 2154 Revfflos
878 2077 968 2153 DD.
989 2078 1254 2177 Coepiscopos

153 2190 287 2269 ulnus
311 2192 362 2267 D.
380 2192 718 2292 Archiepiscopus,
734 2194 784 2268 ab
809 2192 867 2267 his
893 2192 1085 2268 siscitatus
1111 2205 1171 2268 est
1196 2193 1254 2268 his

154 2307 294 2383 verbis:
321 2308 561 2383 Veiwrebiles
568 2306 734 2406 fratres,
743 2309 924 2407 plaeetne
941 2307 1108 2383 vobisut
1124 2308 1256 2408 legau-

154 2433 220 2496 tur
232 2423 387 2498 decreto
403 2422 569 2498 Concilii
590 2423 807 2509 ffidentiui
824 2423 870 2496 de
886 2419 1256 2519 Professioteefidei,

154 2546 195 2610 et
209 2537 257 2610 de
273 2537 526 2612 Residenticit
568 2536 622 2611 Et
639 2535 774 2635 singuli
791 2537 1083 2635 responderunt:
1106 2535 1256 2630 Placet,

154 2651 348 2750 legeretur.
399 2650 590 2726 Praedicto
606 2650 719 2749 igitur
734 2652 891 2726 decreto
907 2651 955 2725 ab
969 2648 1254 2726 Archidiaoono

154 2765 229 2839 ant
245 2789 340 2841 voce
359 2765 461 2840 lecta
477 2778 575 2840 sunt.
623 2766 699 2861 (De
715 2762 944 2862 Profifldei,
962 2766 1062 2839 Sese.
1080 2767 1143 2858 25,
1159 2764 1252 2864 Cap.

153 2879 259 2953 uois
279 2880 326 2953 de
349 2876 434 2976 Res.
455 2878 582 2977 Cogit,
599 2891 671 2953 etc.
696 2879 758 2952 De
781 2879 909 2953 Reeid.
930 2878 1033 2967 Sese.
1049 2881 1085 2971 6,
1106 2877 1198 2977 Cap.
1220 2883 1255 2972 l,

155 2993 201 3068 de
217 2991 304 3091 Res.
324 2993 474 3068 Eadem
492 2994 534 3068 S.
555 2993 749 3091 Synodus,
762 3003 834 3067 ete.
854 3005 892 3067 et
909 2992 1007 3066 Sese.
1026 2994 1089 3085 23,
1105 2991 1198 3091 Gap.
1220 2996 1251 3064 l.

154 3109 202 3183 de
218 3107 304 3207 Res.
324 3108 423 3184 Cinn
444 3120 653 3206 proecepto,
670 3111 760 3202 etc.)

184 3280 187 3285 ·
206 3222 357 3305 Quibus
380 3223 558 3321 peractio,
574 3222 716 3296 Revni
738 3220 985 3296 Prouincialis
1008 3220 1156 3319 Synodi
1180 3221 1253 3296 Pe-

155 3350 248 3433 tres,
263 3337 353 3412 fidei
368 3336 661 3412 -Prosessionem
679 3335 885 3410 emiserunt
903 3336 1014 3434 juxto
1029 3334 1190 3410 sormam
1214 3335 1253 3409 in

155 3452 371 3527 Pontificali
400 3451 581 3526 Romano
611 3450 793 3550 positam:
826 3473 874 3525 ac
905 3449 1056 3525 demdm
1086 3450 1254 3548 proximi

157 3566 464 3664 Congregetione
490 3567 540 3640 ad
567 3565 665 3640 diem
692 3576 914 3662 sequentem
943 3565 1095 3657 indicti,
1118 3565 1252 3639 Illfflus

156 3704 204 3755 ac
227 3679 401 3754 Revffius
427 3679 476 3753 D.
496 3679 819 3778 Archiepiscopus
838 3679 953 3755 Clero
971 3704 1019 3755 ac
1036 3680 1177 3778 populo
1195 3705 1253 3754 so-

156 3792 329 3867 lemniter
345 3792 548 3886 benedixit,
560 3817 767 3889 omnesque
782 3793 937 3867 domum
954 3818 997 3866 se
1015 3807 1250 3892 receperunt.

206 3909 314 3985 Hori
339 3912 470 4007 quarti
499 3908 801 4007 postmeridiani,
826 3909 1008 4007 Vesperae
1037 3909 1254 3984 solemniter

156 4035 321 4099 cantone
337 4037 440 4098 sunt:
457 4023 632 4098 Revnus
650 4021 866 4120 Episcopus
884 4023 1147 4097 Bostoniensis
1165 4049 1253 4099 eon-

156 4138 305 4213 cionem
336 4138 477 4231 hebuit,
503 4151 591 4235 post
621 4161 735 4234 quam
764 4137 979 4212 benedictio
1011 4137 1086 4211 SS.
1118 4138 1254 4213 Sacro-

157 4253 272 4327 menti
290 4253 381 4327 data
399 4265 466 4326 est.
