2820 5010
136 341 233 412 m
299 330 302 334 ’
444 359 656 409 concnrun
683 355 971 408 annrrnonansr

205 535 278 610 111.
306 535 580 610 Caeremoniale
598 535 738 609 editum
759 534 870 633 juxta
893 531 1055 608 Concilii
1079 531 1254 606 Baltimo

155 650 276 724 rensis
302 649 548 724 Provincialis
574 649 682 747 primi
705 648 902 723 decretum
918 645 1071 742 XXXI,
1086 646 1125 720 in
1142 644 1254 720 omni-

153 764 224 838 bus
254 763 463 839 Provinciis
497 763 711 838 Foederatis
742 762 967 837 servandum
997 762 1185 854 solumne,
1214 770 1253 834 ut

155 878 294 954 rituum
319 879 553 954 uniformitas
579 879 716 976 ubique
733 877 870 976 vigeat,
887 890 926 952 et
949 877 990 951 in
1011 876 1186 952 omnibus
1211 873 1254 949 S.

155 992 346 1068 Romanae
362 993 551 1069 Ecclesiae
569 993 864 1069 consuetudines
882 992 1132 1067 aemulemur.l

204 1107 272 1183 IV.
297 1106 337 1182 N
338 1133 360 1182 e
377 1108 566 1184 Fidelium
584 1109 648 1207 pia
660 1107 833 1183 voluntas
850 1131 921 1183 suo
937 1107 1134 1182 fraudetur
1145 1101 1257 1178 effec-

155 1232 209 1316 tu,
226 1234 367 1320 atquae
386 1222 475 1297 Deo
493 1223 699 1299 dicaverint
715 1222 753 1296 in
774 1221 963 1298 Ecclesiae
978 1220 1190 1313 utilitatem,
1205 1216 1255 1294 ad

152 1335 248 1411 alios
273 1336 547 1412 transferantur
575 1362 681 1431 usus,
704 1361 903 1411 monemus
928 1335 1160 1434 Episcopus,
1182 1331 1254 1407 'Sa-

154 1450 332 1525 cerdotes
351 1461 391 1525 et
406 1451 502 1526 alios
515 1476 662 1545 omnes,
673 1475 792 1549 penes
809 1472 905 1548 quos
922 1450 1024 1525 bona
1035 1460 1125 1523 sunt
1140 1445 1255 1522 mobi-

153 1563 203 1638 lia
220 1565 278 1639 val
298 1565 503 1640 immobilia
518 1566 569 1641 ad
592 1565 890 1641 Ecclesiasticus
912 1589 1004 1639 usus
1021 1564 1124 1659 data,
1139 1574 1196 1658 ut,
1211 1563 1255 1637 ab

152 1705 238 1778 quae
254 1680 291 1755 in
309 1680 463 1781 singulis
485 1681 699 1755 Foederatis
726 1679 935 1755 Provinciis
951 1678 1140 1755 tutissima
1155 1678 1255 1753 ride-

154 1796 253 1871 bitur
281 1796 441 1892 ratione,
466 1795 738 1895 quamprimum
766 1807 900 1872 curent
929 1819 989 1889 ea,
1008 1794 1121 1895 juxta
1148 1793 1252 1894 leges

153 1910 294 2004 civiles,
323 1911 452 1987 usibus
483 1911 504 1985 a
538 1911 785 1987 donatoribus
816 1910 1021 2011 designatis
1056 1910 1257 1985 servanda·

154 2023 271 2107 Quod
297 2025 329 2099 si
352 2026 436 2123 quis
455 2025 703 2120 Clericorum,
720 2025 779 2100 vel
804 2024 1023 2118 Laicorum,
1038 2022 1255 2123 hujusmodl

153 2139 255 2213 bona
271 2139 292 2213 d
310 2139 516 2237 designatis
539 2139 669 2215 usibus
693 2151 828 2214 contra
845 2140 1070 2214 donatorum
1087 2137 1256 2213 volunta·

153 2264 230 2327 tem
245 2253 434 2348 averterit,
445 2278 486 2327 se
501 2253 539 2327 in
552 2278 684 2351 poenas
697 2254 718 2329 ὲ
731 2252 907 2329 Concilio
919 2252 1145 2328 Tridentino
1158 2252 1255 2329 latas

154 2368 269 2464 (Saea.
288 2366 421 2462 XXII,
442 2368 535 2468 Cap.
554 2367 626 2462 XI,
642 2369 689 2442 do
705 2367 809 2466 Res.)
825 2367 1017 2443 incurrere
1033 2366 1190 2441 noverit.

203 2480 249 2556 V.
277 2480 427 2556 Placuit
450 2493 492 2556 ut
514 2480 671 2556 Rituale
689 2482 824 2556 edatur
849 2481 1029 2555 Romano
1046 2479 1257 2574 conforme,

153 2596 313 2696 adjectis
326 2595 364 2670 in
377 2596 588 2695 appendice
602 2621 686 2694 quae
699 2597 749 2671 ad
762 2596 1050 2672 aedificationem
1065 2595 1254 2670 Fidelium

153 2713 371 2787 conducere
384 2712 464 2786 visa
476 2712 626 2806 fuerint,
639 2713 742 2811 quod
759 2711 956 2786 Baltimori
968 2711 1115 2806 edatur,
1125 2722 1255 2786 aucto

152 2825 262 2901 ritate
287 2825 388 2901 Illmi
413 2837 453 2901 et
477 2826 618 2900 Revmi
639 2826 942 2925 Archiepiscopi,
959 2838 998 2900 et
1022 2826 1162 2923 ubique
1187 2849 1256 2924 per

153 2939 379 3015 Foederatas
397 2940 619 3014 Provincias
637 2952 816 3015 servetur.
867 2940 907 3014 N
909 2966 930 3015 e
947 2951 1076 3015 autem
1093 2939 1255 3038 peculia·

152 3079 214 3129 res
232 3055 325 3129 ritus
343 3055 527 3154 cujusque
545 3054 697 3129 arbitrio
714 3055 953 3148 inducantur,
969 3051 1136 3129 districte
1155 3065 1256 3128 veta·

153 3194 236 3243 mus
249 3194 298 3243 ne
313 3169 547 3244 Sacerdotes
561 3169 713 3244 aformal
727 3168 847 3244 sibiin
865 3168 1009 3242 Rituali
1026 3167 1254 3266 praescripta,

153 3284 437 3359 consuetudinis
455 3285 612 3359 obtentu
630 3284 689 3358 vel
709 3283 783 3358 ulio
800 3307 1040 3382 quocumque
1056 3294 1254 3381 praetextu,

153 3398 385 3493 discedenti

202 3512 269 3586 VI.
298 3512 396 3587 cum
422 3538 534 3612 grave
565 3513 759 3589 Fidelibus
785 3513 926 3589 oriatur
952 3512 1189 3607 scandalum,
1213 3524 1253 3587 et

153 3626 430 3701 Ecclesiastico
445 3628 565 3701 ordini
583 3628 765 3721 dedecus,
777 3628 868 3702 dum
881 3651 1009 3703 causae
1025 3626 1254 3701 ecclesiasti·

153 3765 210 3816 cae
222 3740 272 3814 ad
291 3740 412 3815 civilia
425 3742 663 3817 deducuntur
679 3742 889 3836 tribunalia,
901 3742 1094 3816 hortamur
1108 3765 1255 3836 omnes,

153 3878 312 3953 quorum
329 3854 498 3950 interest,
515 3869 556 3930 ut
573 3857 850 3931 controversias
870 3857 968 3932 inter
985 3880 1052 3930 eos
1070 3855 1165 3931 sorte
1184 3854 1253 3931 ori·

187 4084 203 4118 *
221 4083 545 4152 Caramouiarumliber,
554 4083 636 4156 juxta
648 4085 839 4157 prescriptum
850 4083 880 4141 S.
890 4083 924 4141 C.
933 4084 967 4141 da
979 4084 1161 4156 Propagandl
1172 4082 1254 4151 Fide,

153 4170 273 4227 Romam
286 4171 398 4238 missua,
410 4174 427 4229 l
438 4173 489 4229 SS.
503 4173 539 4228 D.
552 4173 588 4228 N.
601 4172 734 4243 Gregorio
747 4171 801 4228 ΡΡ.
813 4171 886 4228 XVI
899 4172 1066 4244 approbatus
1079 4170 1141 4229 fuit.

188 4258 205 4322 †
223 4256 261 4311 Ut
273 4256 383 4312 Rituala
395 4258 430 4313 ab
442 4258 583 4329 Episcopo
596 4257 625 4312 S.
638 4256 774 4313 Ludorici
785 4257 816 4313 in
829 4256 920 4314 lucem
933 4256 977 4313 edi
990 4256 1076 4329 possit
1088 4271 1253 4314 cancamum

153 4343 204 4398 suit
215 4345 232 4400 l
243 4342 294 4400 SS.
308 4343 344 4399 D.
358 4343 394 4399 N.
407 4342 540 4414 Gregorio
554 4343 630 4414 Papa
642 4341 725 4399 xvi.
