2820 5010
528 418 797 471 raovmcmns
824 418 872 469 iv.
1185 393 1255 466 169

205 590 397 692 Complati
413 606 502 693 post
518 595 600 671 dies
618 607 709 670 octo
723 593 885 670 Concilii
899 593 1002 669 Acta
1018 603 1058 667 et
1073 590 1257 683 Decreta,

152 702 324 782 Romam
350 708 401 785 ad
429 709 630 785 Summum
658 709 886 784 Pontificem
912 706 1013 783 lumi
1039 730 1087 781 ac
1114 703 1256 780 Revtni

152 819 327 918 ejusdem
339 823 503 899 Concilii
519 824 657 898 Patres
675 848 744 922 pro
759 821 1044 899 confirmatione
1062 819 1256 914 miserunt,
1289 896 1295 905 ,

152 931 192 1009 in
208 933 311 1012 bunc
328 938 485 1013 modum
502 938 729 1014 scribentes:

154 1131 413 1213 emensum
431 1138 578 1233 Purra,

203 1277 309 1361 Qum
333 1278 372 1355 in
398 1281 574 1358 Concilio
599 1293 733 1381 quarto
759 1279 1037 1375 Baltimorensi,
1060 1280 1163 1379 quod
1188 1303 1256 1380 per

154 1391 434 1470 hebdomadam
457 1397 626 1495 elapsam
649 1397 934 1492 celebravimus,
956 1395 1172 1471 censuimus
1196 1396 1255 1468 vel

153 1506 315 1607 egimus,
338 1509 389 1584 ad
420 1510 674 1586 Sanctitatem
700 1510 877 1587 Vestram
902 1509 1130 1585 remittenda
1153 1507 1257 1583 duxi·

153 1645 252 1717 mus,
264 1647 445 1723 supremo
457 1627 655 1724 probanda
667 1626 734 1701 vel
742 1625 983 1701 emendanda
992 1623 1148 1723 judicio.
1192 1622 1255 1697 Ex

154 1760 230 1834 quo
242 1738 362 1813 alterb
373 1739 457 1816 vice
473 1764 788 1834 conveneramus,
799 1739 1021 1816 defunctum
1033 1737 1254 1814 deflevimus

153 1843 1256 1951 nauemnobischarissimumfflmossnuimnn.Brun,

154 1965 392 2067 Episcopum
405 1968 827 2070 Vincennopolitanum,
839 1967 902 2068 qui
919 1980 1026 2044 tanto
1039 1967 1177 2044 effulsit
1188 1966 1257 2041 vir·

155 2092 277 2158 tutum
307 2084 524 2182 splendore,
550 2096 592 2160 ut
622 2086 670 2162 de
700 2084 932 2161 beatitudine
961 2095 1001 2159 et
1029 2085 1111 2183 ejus
1142 2081 1258 2182 glorib

155 2208 301 2273 carmin
318 2199 492 2274 omnibus
513 2199 704 2298 reliquerit
720 2199 908 2276 fiduciam.
960 2199 1113 2273 Utinam
1134 2199 1257 2291 detur,

157 2309 372 2388 Surctitate
396 2311 534 2388 Vestra
558 2313 761 2413 aspirante,
783 2315 865 2414 ejus
891 2337 1063 2413 premere
1088 2312 1257 2413 vestigia,

156 2436 196 2501 et
212 2426 366 2526 praemia
382 2428 544 2526 assequi.

164 2630 166 2634 ν
205 2582 593 2681 Baltimori,24Maii
614 2591 718 2663 1840.

485 2883 921 2901 mmmm-unm

411 3112 688 3210 bituiti
728 3114 1003 3210 CONb'lbll.

156 3345 188 3423 1.
270 3343 672 3421 ACERDOTIBUS
685 3346 858 3421 omnibus
872 3346 982 3445 hujus
997 3344 1257 3421 Provinciaein

294 3459 516 3534 memoriam
536 3484 774 3552 revocamus,
790 3460 941 3557 antiqui
961 3459 1150 3536 Ecclesiae
1172 3459 1257 3558 lege

156 3596 272 3673 quam
290 3573 366 3649 SS.
385 3572 594 3649 Pontifices
611 3599 688 3649 non
706 3574 898 3649 desierunt
920 3574 1124 3669 inculcare,
1140 3573 1258 3648 vetari

157 3686 396 3763 matrimonia
411 3688 685 3765 catholicomm
698 3713 786 3764 cum
799 3687 1133 3783 acatholiciS,ci1m
1151 3712 1259 3763 sanc·

156 3802 246 3879 titas
278 3802 518 3877 Sacramenti
548 3805 715 3902 postulet
744 3814 786 3878 ut
815 3816 973 3902 uterque
1003 3803 1078 3878 fide
1108 3814 1147 3878 et
1176 3802 1257 3877 aliis

153 3915 273 3992 animi
293 3915 599 4014 dispositionibus
618 3917 747 4016 gratia)
764 3918 991 3993 sacramenti
1008 3917 1258 4016 suscipiendae

157 4030 317 4106 idoneus
342 4030 403 4125 sit,
419 4042 459 4106 et
481 4030 589 4128 plura
611 4031 813 4130 graviaque
837 4032 1080 4107 incommoda
1099 4043 1138 4107 et
1158 4031 1259 4106 mala

159 4170 206 4220 ex
227 4145 443 4244 hujusmodi
465 4145 661 4221 connubiis
683 4145 781 4244 sape
800 4158 1019 4244 sequantur,
1034 4144 1169 4244 nempe
1187 4145 1259 4220 dis-

160 4260 291 4336 cordia
314 4259 538 4355 domestica,
558 4272 597 4336 et
620 4260 819 4338 catholicae
841 4260 957 4361 partis
979 4273 1018 4336 et
1040 4260 1155 4359 prolis
1179 4282 1259 4360 per-

162 4372 294 4451 versio.

308 4492 359 4563 22
