2820 5010
512 442 765 495 morinorum
791 442 840 492 rv.
1157 420 1227 494 ret

329 756 502 832 Qunam
525 755 826 819 CONGREGATIO
844 755 1034 817 PUBLICA.

182 967 261 1042 Dm
284 960 381 1042 Maii
401 969 465 1060 22,
485 965 577 1040 hori
599 965 730 1063 quarti
752 963 798 1037 P.
819 961 875 1037 Μ.
898 963 1027 1039 habita
1048 977 1108 1039 est
1132 966 1232 1041 Con·

135 1081 303 1181 progatio
320 1092 456 1180 quarta
471 1079 634 1179 publica,
651 1079 787 1153 eodem
804 1077 891 1153 loco
909 1089 948 1153 et
964 1079 1080 1153 modo
1098 1079 1232 1176 quibus

135 1193 254 1271 tertia.

331 1441 494 1518 QUINTA
518 1440 817 1505 conounonno
841 1440 1035 1504 PRIVATA.

183 1652 264 1729 Dur
289 1652 384 1728 Maii
405 1656 469 1748 23,
484 1652 577 1729 hori
600 1653 701 1728 noni
724 1652 774 1726 Α.
791 1650 848 1726 Μ.
866 1651 995 1726 habita
1020 1665 1080 1727 est
1104 1652 1235 1751 quinta

135 1768 392 1868 congregatio
410 1767 555 1866 privata
571 1767 708 1841 eodem
724 1765 813 1841 loco
830 1790 907 1864 quo
924 1766 1053 1865 prima

184 1883 429 1959 Censuerunt
453 1880 591 1956 Patres
616 1880 786 1975 Rituale,
802 1881 906 1978 quod
927 1894 1098 1978 peratum
1120 1882 1234 1957 estin

136 1996 247 2097 liujus
280 1995 493 2071 Provinciae
524 2020 649 2090 usum,
681 1992 850 2069 Romam
888 1994 1133 2070 deferendum
1167 2020 1236 2094 per

135 2108 372 2210 Episcopum
390 2109 432 2184 S.
452 2108 652 2203 Ludovici‚
669 2121 711 2182 ut
728 2110 844 2206 praelo
870 2109 1119 2184 demandetur
1136 2122 1236 2207 post·

138 2224 250 2323 quam
266 2224 416 2300 fueriti
434 2223 476 2297 S.
496 2222 602 2298 Sede
619 2224 829 2321 probatum.

186 2339 381 2416 statutum
398 2350 458 2414 est
474 2338 668 2413 navalibus
687 2337 859 2433 ducibus,
876 2338 939 2435 qui
957 2338 1133 2415 Patribus
1152 2365 1250 2439 sup

137 2453 322 2551 plicarunt
350 2479 419 2553 pro
449 2453 607 2528 formuld
636 2477 792 2550 precum
820 2452 859 2527 in
881 2453 1031 2528 navium
1060 2479 1165 2548 usus,
1181 2479 1237 2529 re-

138 2569 402 2668 spondendum
419 2592 487 2666 per
505 2566 744 2642 Secretarios
763 2567 977 2643 Concilium
994 2569 1042 2641 ab
1060 2567 1171 2641 Illmo
1189 2592 1236 2644 ac

139 2682 291 2759 Revffio
309 2681 612 2780 Archiepiscopo
637 2705 794 2780 rogasse
820 2694 862 2756 ut
878 2707 966 2758 cum
991 2681 1160 2781 profatis,
1173 2682 1238 2758 du-

139 2795 244 2872 cibus
262 2795 409 2871 collatis
427 2794 592 2870 consiliis
610 2794 684 2868 hac
703 2795 751 2868 de
768 2818 810 2868 re
827 2806 980 2870 statuet.

187 2909 412 2985 Statuerunt
438 2909 574 2984 Patres
601 2907 889 3006 supplicandum
908 2909 983 2983 SS.
1007 2909 1235 2984 Pontificem

140 3048 209 3122 pro
226 3023 478 3100 concessione
495 3024 745 3127 quorumdam
762 3021 986 3098 Officiorum
1003 3023 1041 3096 in
1058 3023 1237 3099 Foedera·

141 3137 188 3213 tis
204 3137 395 3213 Americae
411 3135 620 3212 Provinciis
638 3136 949 3235 peragendorum.

188 3251 319 3327 Primo
345 3251 518 3327 Concilio
545 3250 812 3326 Beltimorensi
835 3249 1061 3325 inhaerentes
1082 3276 1239 3327 censue·

140 3378 227 3443 runt
243 3365 394 3460 Patres,
408 3364 447 3440 in
463 3364 629 3441 Rituelis
655 3364 832 3458 editione,
847 3363 1182 3463 interrogationum
1200 3379 1239 3443 et

141 3505 297 3581 precum
325 3479 585 3580 quarumdam,
612 3477 903 3577 Archiepiseopi
923 3478 1083 3578 judicio,
1103 3480 1239 3555 versio

141 3618 228 3671 nem
244 3595 369 3694 lingui
382 3594 593 3687 remaculi,
604 3594 653 3667 ad
667 3592 813 3692 paginae
825 3592 972 3669 calcem
988 3594 1240 3692 inserendam,

142 3722 182 3785 ut
200 3708 372 3785 adhiberi
388 3707 509 3807 possit
534 3708 850 3805 quandocumque
872 3708 1041 3784 videatur
1061 3711 1239 3808 expedire

141 3823 177 3899 iu
211 3823 400 3899 Fidelium
429 3822 730 3916 aediticationem,
758 3821 872 3896 latim
898 3823 1056 3899 formuli
1084 3849 1239 3923 precum

141 3961 333 4037 nunquam
350 3937 498 4012 omissa

189 4053 394 4152 Rogarunt
420 4051 556 4125 Patres
577 4050 727 4125 lilinum
745 4050 1089 4150 Archiepiscopum
1107 4066 1148 4128 ut
1166 4054 1240 4129 edi-

142 4167 283 4242 tionem
308 4166 491 4241 minorem
516 4163 681 4238 Ritualis
707 4164 807 4263 typis
832 4166 894 4242 edi
911 4181 1061 4245 curaret
1083 4169 1121 4245 in
1139 4194 1240 4245 com-

144 4284 298 4359 modum
315 4279 644 4357 missionariorum.
