2820 5010
550 118 804 172 eaovructuun
831 121 879 172 tv.
1197 102 1269 175 177

159 294 319 375 Pacifici
333 294 479 391 insulis,
493 294 759 397 instigantibus
783 295 1177 397 pseudoministrisex
1193 297 1268 376 bac

154 409 239 511 ipat
261 410 534 487 Foedaratioue
557 411 737 512 egressis,
759 410 923 488 inctsstus
947 411 1115 511 regulus,
1131 412 1268 488 eadem

153 524 241 625 jura
264 524 421 625 politica
444 537 671 624 praetexens,
694 525 919 602 Catholicae
942 528 1117 622 vexabat,
1141 527 1267 605 donec

153 637 369 715 Galliarum
398 640 490 715 Rex
514 640 565 717 ad
595 639 697 715 cives
723 663 817 715 suos
846 640 1033 715 immunes
1058 641 1267 717 servandos

160 751 353 830 hominem
376 751 555 830 cohibuit
608 752 807 836 Quantam
825 752 949 829 differt
968 765 1050 829 tum
1071 754 1092 828 ὲ
1109 754 1269 830 subdoli

158 865 306 943 illarum
331 867 500 969 gentium
523 891 568 942 se
590 868 714 943 cultas
740 867 978 967 gloriantium
1003 868 1170 966 perfidia,
1186 880 1268 945 tum

159 982 208 1056 ab
220 981 361 1082 agendi
377 981 524 1058 ratione
541 981 786 1058 barbarorum
800 981 975 1057 eamdem
989 981 1183 1078 malitiam,
1195 985 1266 1060 sed

157 1119 237 1171 uon
254 1096 430 1171 eamdem
443 1095 689 1172 calliditatem
706 1096 921 1191 exhibente,
934 1121 1122 1195 generosa
1138 1097 1268 1173 libera·

158 1208 244 1287 litas
264 1210 511 1311 Imperatoris
528 1206 761 1286 Turcarum!
811 1211 916 1286 Dum
935 1210 989 1285 illi
1009 1211 1099 1288 fidei
1115 1224 1267 1288 struunt

157 1323 327 1421 insidias,
335 1326 396 1403 vel
409 1324 538 1425 aperti
550 1337 738 1402 conantur
749 1325 981 1421 subvertere,
991 1324 1053 1402 hic
1067 1324 1131 1424 qui
1143 1326 1265 1403 avitus

158 1439 370 1518 habebatur
397 1439 604 1517 Christiani
626 1439 789 1516 nominis
817 1439 951 1536 bostis,
975 1439 1125 1516 vincula
1153 1441 1266 1517 Fide

158 1554 250 1631 lium
267 1554 520 1655 disrumpens,
536 1580 605 1631 eos
626 1555 665 1630 in
689 1554 945 1655 plenissimam
962 1554 1175 1632 libertatem
1191 1556 1265 1633 vin·

158 1667 308 1747 dicent

206 1784 430 1886 Ingentibus
443 1783 620 1861 fluctibus
636 1786 684 1860 ab
697 1784 854 1884 antiquo
868 1787 960 1861 orbe
973 1783 1120 1881 divulsi,
1131 1787 1265 1886 procul

158 1898 241 1977 boec
257 1898 387 1976 omnia
399 1899 716 1998 contemplantes,
727 1899 930 1998 animoque
942 1900 1137 1976 volventes
1150 1925 1265 2000 quau·

158 2013 290 2115 toperi
308 2013 504 2090 Sanctitas
522 2013 625 2109 Tua,
641 2037 755 2112 quam
772 2013 986 2090 sollicitudo
1004 2014 1172 2090 omnium
1188 2014 1278 2096 Ec·⁴

157 2127 359 2205 elesiarum
382 2128 531 2228 premit,
558 2128 642 2203 zelo
664 2127 799 2204 domis
822 2126 979 2204 Domini
1003 2129 1185 2205 devorata
1202 2130 1264 2226 sit,

158 2253 273 2343 atque
298 2241 445 2319 tristitii
471 2265 675 2342 oppressa3
701 2265 774 2317 nos
800 2267 952 2341 quoque
978 2242 1106 2343 Capiti
1129 2257 1262 2320 nostro

157 2357 434 2457 compatientes
460 2356 589 2433 afflicti
617 2356 769 2452 fuimus,
793 2356 1016 2455 obnixisque
1041 2356 1217 2456 precibus
1243 2357 1265 2432 i

157 2470 325 2548 Domino
345 2471 561 2572 rogavimus
578 2471 653 2566 Te,
669 2471 847 2547 columen
865 2473 1061 2571 decusque
1077 2482 1263 2580 postrum,

156 2587 274 2686 gratie
290 2588 452 2686 superni
468 2585 687 2680 confortari,
703 2597 745 2660 ut
770 2597 853 2661 tota
875 2585 952 2661 Dei
969 2587 1105 2663 domus
1122 2584 1263 2662 incolu-

157 2701 227 2777 mis
252 2712 433 2776 servetur.
486 2700 677 2776 Cordibus
700 2724 793 2800 ergo
818 2700 957 2775 nostris
983 2700 1155 2776 solamen
1180 2724 1263 2799 per·

155 2831 380 2914 gratum,ac
400 2813 616 2914 inpropriis
639 2814 823 2914 angustiis
847 2813 1147 2889 sustentaculum
1168 2813 1264 2914 opti-

154 2952 259 3005 mum
272 2928 380 3004 fuere
393 2927 617 3005 Sanctitatis
629 2927 727 3004 Tuae
739 2952 876 3005 serena
886 2927 1114 3022 constantia,
1123 2928 1264 3005 invicta

155 3044 422 3139 mansuetudo,
437 3044 534 3120 fides
550 3045 720 3138 immota,
736 3069 784 3120 ac
802 3067 900 3118 verte
921 3043 1120 3120 humilitati
1136 3045 1266 3120 innixa

155 3157 416 3258 insuperabilis
433 3159 624 3234 fortitudo.
676 3158 864 3233 Dextram
886 3157 1097 3234 Salvatoris
1114 3159 1265 3258 agnovi·

154 3297 253 3368 mus,
279 3272 439 3349 Petrum
469 3296 584 3371 super
613 3273 736 3347 undas
765 3271 960 3347 instabiles
990 3272 1102 3370 hujus
1132 3273 1264 3349 saeculi

152 3386 418 3480 sustinentem,
434 3397 473 3460 et
489 3387 541 3461 ad
557 3385 660 3461 littus
679 3387 899 3462 dueentem:
920 3385 1111 3463 recordati
1128 3412 1259 3463 sumus

153 3501 258 3577 verbi
282 3500 378 3600 ejus,
395 3501 521 3601 Super
535 3501 636 3575 bunc
655 3512 813 3599 petram
830 3500 1027 3597 aedeficabo
1043 3501 1263 3577 &alenam

151 3641 291 3711 msam,
318 3627 356 3691 et
374 3627 504 3717 portoe
533 3613 652 3711 inferi
678 3640 760 3688 non
780 3616 1050 3714 praevalebunt
1079 3615 1263 3693 adomnia

153 3732 260 3807 earn*
269 3757 282 3821 ,·
299 3741 415 3829 atque
436 3728 583 3823 iterim,
599 3729 702 3803 Ecce
724 3753 798 3829 ego
823 3729 1022 3803 nobiscum
1038 3754 1127 3804 aum
1143 3733 1264 3806 mnni-

153 3844 224 3921 aa
262 3846 410 3940 diebaas,
441 3869 564 3943 usque
601 3844 656 3918 ud
689 3843 1063 3918 coneummutionem
1098 3845 1261 3939 sentiit

154 3959 305 4037 Coelum
333 3971 372 4035 et
401 3972 504 4034 terra
533 3957 789 4056 praeteribunt,
815 3957 931 4032 verba
959 3967 1088 4031 autem
1119 3958 1262 4034 Christi

328 4106 344 4139 ⁸
360 4104 535 4172 Muthul,
553 4102 592 4161 18.
813 4105 830 4171 †
848 4102 916 4159 ibid.
927 4101 1029 4169 xxviii,
1040 4101 1084 4158 20.

302 4193 353 4265 23
