2820 5010
554 418 805 493 rpovrucraus
832 421 856 470 1.
1209 401 1258 473 83

204 593 353 671 XXXI.
381 593 575 677 Quoniam
600 595 759 673 maxime
786 596 1050 672 desiderantur
1073 595 1157 672 libri
1180 597 1258 673 An-

153 708 249 809 glise
267 710 486 809 conscripti,
503 710 566 809 qui
583 711 632 785 de
650 710 769 786 sacris
786 711 918 786 ritibus
935 723 1114 807 tractent,
1130 712 1259 789 statui·

153 847 239 898 mus
256 823 389 899 librum
407 824 741 918 Caeremoniarum,
758 825 822 922 qui
846 823 991 900 Rituali
1007 826 1189 902 Romano
1208 826 1259 901 sit

153 937 374 1033 conformis,
384 949 423 1012 et
437 939 479 1012 S.
495 938 610 1012 Sedis
621 938 767 1036 judicio
782 937 1050 1036 subjiciendus,
1063 965 1111 1015 ex
1125 941 1258 1038 proba·

153 1050 203 1125 tis
216 1052 393 1150 operibus
407 1052 727 1149 componendum,
737 1063 780 1125 ut
793 1051 1028 1127 Sacerdotes
1041 1053 1257 1151 Clericique

153 1188 289 1241 omnes
302 1184 370 1265 per
387 1166 487 1241 hanc
505 1164 746 1241 Provinciam
759 1165 938 1240 accurate
953 1166 1117 1241 calleant
1131 1179 1170 1242 et
1183 1192 1258 1242 ser·

153 1291 243 1355 vent
259 1280 352 1355 ritus
374 1279 565 1356 Ecclesiae
581 1279 810 1355 universalis.
862 1279 913 1354 Ei
935 1291 1062 1355 autem
1084 1281 1258 1379 praemitti

87 1426 92 1437 ·
154 1394 326 1472 volumus
340 1395 630 1494 explicationem
643 1396 865 1471 eorumdem
878 1395 1031 1489 rituum,
1042 1409 1085 1471 ut
1101 1396 1257 1473 Fideles

154 1509 275 1585 sacris
291 1510 547 1586 functionibus
565 1509 750 1586 adsistere
768 1509 915 1609 possint
931 1511 1066 1610 majori
1083 1535 1201 1587 sensu
1218 1524 1257 1587 et

153 1623 417 1700 aedificatione.

202 1736 374 1813 XXXII.
402 1736 598 1820 Quoniam
614 1738 849 1814 uniformitas
867 1738 982 1813 edam
1002 1738 1041 1814 in
1061 1741 1175 1816 rebus
1192 1728 1258 1815 mi-

153 1852 264 1928 nimis
280 1853 441 1929 maxime
455 1855 624 1952 optanda
641 1853 830 1928 Ecclesiae
842 1878 993 1952 semper
1005 1854 1087 1927 visa
1100 1866 1172 1949 est,
1184 1866 1258 1930 sta·

153 1967 294 2043 tuimus
308 1967 634 2067 superpelliceum
648 1993 735 2043 esse
749 1969 889 2043 debere
901 1968 1132 2063 modestum,
1144 1970 1258 2045 deco

153 2105 251 2177 rum,
266 2094 307 2157 et
329 2083 450 2159 sacris
472 2083 728 2159 functionibus
749 2082 991 2157 conveniens.
1045 2083 1257 2160 Statuimus

153 2195 270 2271 etiam
303 2210 346 2273 ut
377 2196 677 2292 Biretum,ci1m
707 2197 911 2297 Episcopis
943 2197 1101 2297 singulis
1136 2199 1256 2275 visum

153 2310 266 2387 fuerit
282 2337 427 2387 morem
448 2312 539 2387 illud
560 2312 735 2411 gestandi
757 2312 796 2386 in
817 2335 907 2387 suas
931 2311 1133 2387 Dioeceses
1154 2313 1257 2389 indu·

153 2450 258 2520 care,
273 2426 455 2502 Romano
473 2426 604 2502 Bireto
623 2427 672 2501 sit
689 2427 896 2502 conforme.

203 2539 395 2616 XXXIII.
424 2541 619 2622 Quoniam
649 2542 768 2616 multa
795 2541 1040 2616 incommoda
1064 2542 1146 2640 jam
1174 2554 1258 2618 orta

154 2667 256 2750 sunt,
272 2667 311 2730 et
334 2655 373 2731 in
396 2668 591 2754 posterum
610 2656 751 2731 oritura
768 2654 941 2730 videntur
957 2680 1005 2730 ex
1027 2682 1074 2731 eo
1096 2656 1196 2754 quod
1219 2658 1258 2732 in

155 2770 312 2846 divorsis
340 2771 451 2870 hujus
480 2771 691 2846 Provinciae
720 2770 963 2847 Dioecesibus
991 2771 1128 2846 diversi
1158 2784 1258 2848 cate-

155 2884 290 2960 chismi
312 2897 352 2960 et
374 2885 457 2959 libri
480 2910 637 2983 precum
660 2885 922 2979 adhibeantur,
938 2885 1080 2983 privata
1097 2887 1258 2961 auctori·

155 3012 235 3076 tate
264 3000 368 3095 editi,
397 3012 436 3075 et
465 3001 643 3099 quoniam
675 3001 911 3076 uniformitas
945 2999 984 3074 in
1017 3000 1062 3074 iis
1096 3001 1256 3076 maxime

155 3115 325 3215 optanda
340 3127 418 3208 est,
442 3127 576 3190 curent
593 3114 777 3214 Episcopi
794 3127 836 3191 ut
851 3114 904 3188 illi
919 3117 1066 3189 tantiam
1084 3114 1259 3190 cateche-

155 3253 245 3304 seos
269 3227 351 3303 libri
374 3240 613 3327 usurpentur,
634 3228 698 3327 qui
721 3251 962 3303 cumeorum
983 3228 1258 3326 approbatione

155 3344 247 3419 editi
258 3343 409 3437 luerint,
418 3343 500 3418 aliis
512 3343 811 3442 quibuscumque
825 3342 1056 3440 postpositis.
1095 3341 1258 3419 Dabitur

155 3471 284 3535 autem
309 3480 428 3556 opera
457 3470 499 3532 ut
526 3458 782 3532 catechismus
811 3468 1074 3555 componatur,
1099 3457 1163 3555 qui
1189 3457 1259 3533 cir·

155 3572 392 3647 cumstantiis
416 3572 527 3670 hujus
551 3570 763 3647 Provincia
784 3570 906 3670 magis
930 3572 1259 3668 accommodatur,

158 3689 399 3766 Catholicam
412 3689 624 3765 doctrinam
641 3689 680 3763 in
693 3688 928 3764 catechismo
944 3689 1156 3764 Cardinalis
1173 3689 1258 3764 Bel·

155 3804 302 3879 larmini
315 3804 525 3902 expositam
543 3805 681 3897 tradat,
692 3803 843 3902 quique,
855 3815 944 3903 post
962 3804 1076 3878 Sedis
1091 3803 1258 3901 Aposto-

156 3920 239 3996 licae
261 3920 586 4019 approbationem,
608 3920 742 3993 edetur
764 3918 802 3993 in
825 3942 1067 3995 communem
1092 3918 1258 3993 Catholi-

156 4059 288 4111 corum
305 4061 426 4110 usum.
478 4035 666 4110 Moneant
682 4034 836 4132 insuper
852 4034 985 4109 fideles
1002 4047 1045 4109 ut
1062 4034 1082 4107 a
1099 4057 1257 4132 precum

156 4148 300 4243 libellis,
327 4149 391 4248 qui
420 4150 501 4224 sine
532 4148 724 4224 Ordinarii
753 4147 1026 4246 approbatione
1054 4148 1075 4221 a
1106 4148 1258 4246 privatis

156 4264 454 4363 quibuscumque
479 4264 516 4339 in
540 4265 665 4339 lucem
686 4263 776 4338 editi
800 4263 1128 4355 circumferuntur,
1149 4262 1259 4337 absti

156 4391 280 4454 neunt.
