2820 5010
542 119 796 172 rnovrncraua
823 122 871 174 vr.
1179 107 1253 179 243

156 306 196 370 et
220 319 306 393 quae
326 295 507 394 dispersae
526 307 627 392 sunt,
643 295 681 371 in
704 322 820 374 unum
845 297 1034 376 Ecclesiae
1057 311 1133 378 tuae
1157 303 1252 378 ovile

157 408 392 509 colligantur.
844 506 846 511 ,

197 525 357 637 ‘tdrolta‘d
384 524 718 601 Reverendissimo
753 526 920 603 Domino
950 529 1252 631 Archiepiscopo

154 637 435 735 Baltimorensi,
450 641 561 740 hujus
580 640 743 717 Concilii
765 641 927 740 presuli,
943 669 1031 719 cum
1048 645 1173 720 multis
1191 670 1253 722 an-

153 753 213 828 uis
242 754 417 829 salutaris
446 753 649 855 vigilantia,
674 754 714 829 in
743 755 931 831 laboribus
959 759 1187 854 constantia,
1214 771 1253 835 et

154 867 283 942 omnia
297 868 434 943 fausta

207 982 370 1058 Chones.
397 981 650 1082 Omnipotens
668 982 790 1078 Deus,
802 1008 916 1083 super
932 984 1151 1060 Antistitem
1168 1011 1253 1062 nos·

153 1097 1250 1199 trumbenedictionumtuarumdonaperpetudmultiplica.

202 1213 355 1289 molid
382 1212 724 1288 Reverendissimis
748 1212 923 1288 Dominis
948 1212 1165 1312 Episcopis,
1188 1214 1252 1312 qui

152 1326 203 1401 ad
234 1327 309 1403 boc
340 1327 553 1404 Concilium
582 1327 850 1404 celebrandurn
880 1340 1139 1422 accessenmt‚
1163 1352 1251 1404 cum

153 1439 281 1515 multis
298 1441 406 1517 annis
423 1465 571 1541 magnae
587 1441 724 1541 gratiae.

208 1554 368 1631 chorin
394 1554 549 1656 Magnae
582 1556 721 1655 gratioe.
772 1555 882 1630 Deus
920 1554 1038 1629 Pater
1071 1555 1251 1631 luminum

153 1668 314 1744 illustret
329 1670 466 1746 faciem
492 1694 600 1745 suam
625 1695 739 1769 super
762 1694 845 1764 eos,
860 1681 898 1744 et
922 1670 1110 1746 accendat
1134 1671 1253 1746 corda

155 1807 288 1861 eorum
304 1784 344 1860 in
360 1784 649 1860 aedificationem
667 1784 855 1861 Ecclesiae
871 1808 960 1859 suoe.

202 1898 357 1974 monia
383 1898 587 1998 Episcopis
601 1911 640 1973 et
653 1897 891 1997 Presbyteris
904 1898 1016 1997 hujus
1030 1896 1253 1994 Provincias,

154 2011 218 2109 qui
229 2014 371 2087 bonurn
382 2025 577 2088 certamen
589 2024 780 2088 certantes
795 2036 841 2086 ex
855 2012 930 2087 hoc
944 2014 1085 2088 saeculo
1098 2013 1252 2088 transie

153 2139 251 2223 runt,
268 2151 343 2226 pax
359 2128 381 2201 a
400 2128 583 2222 Domino,
599 2140 637 2203 et
654 2127 813 2203 felicitas
836 2127 875 2202 in
898 2128 983 2204 luce
1008 2128 1249 2204 Sanctorum.
1280 2130 1282 2134 ’

208 2241 367 2316 ΟῙιοπω.
394 2241 549 2316 Illorum
560 2241 741 2316 memoria
754 2241 1078 2316 inbenedictione.
1122 2242 1252 2318 Domi·

154 2378 225 2430 nus
252 2367 291 2429 et
315 2355 398 2451 illis,
414 2368 453 2430 et
470 2356 643 2431 omnibus
667 2356 730 2454 qui
756 2356 913 2455 diligunt
938 2356 1140 2431 adventurn
1158 2358 1253 2456 ejus,

154 2492 337 2544 coronam
354 2469 481 2568 gloriae
497 2471 632 2546 reddat
645 2471 772 2568 justus
784 2471 913 2568 judex.

202 2582 355 2658 meniu
382 2583 578 2659 Fidelibus
612 2583 823 2659 Provinciae
855 2595 1007 2677 nostre,
1038 2597 1076 2657 et
1110 2598 1250 2662 cuncto

154 2697 294 2796 populo
312 2698 529 2775 Christiano
547 2722 622 2795 pax
640 2697 781 2773 Christi
799 2709 950 2772 aeterna.

207 2812 367 2887 Chones.
393 2812 459 2887 Da
489 2837 637 2911 pacem,
660 2812 838 2906 Domine,
864 2810 902 2885 in
932 2810 1063 2885 diebus
1094 2813 1251 2907 nostris3

153 2937 196 3000 ut
212 2925 374 3023 quilibet
391 2926 671 3026 perturbatione
689 2926 872 3018 submota,
889 2925 1049 3022 populus
1067 2936 1154 2999 tuus
1176 2925 1250 3023 hio,

154 3039 402 3138 universaque
432 3042 538 3138 plebs
570 3041 785 3115 Christiana
814 3037 938 3113 liberis
968 3038 1033 3112 tibi
1063 3040 1250 3116 mentibus

156 3154 380 3229 deserviant.

202 3269 356 3345 &clud
382 3268 466 3343 Nos
492 3268 568 3344 Dei
584 3269 813 3344 voluntatem
839 3268 1049 3366 explentes,
1065 3266 1252 3367 hujusque

156 3383 318 3459 concilii
341 3385 498 3459 decreta
513 3383 630 3458 corde
651 3407 790 3481 magno
808 3393 847 3456 et
869 3381 994 3455 animo
1012 3381 1151 3455 volenti
1168 3406 1253 3458 exe·

153 3509 328 3595 quantes,
341 3497 443 3597 digni
459 3497 662 3572 reddamur
678 3495 933 3571 misericordia
945 3507 984 3569 et
997 3494 1114 3594 ςιιιιίἓι
1126 3497 1253 3598 magni

154 3624 194 3687 et
210 3611 349 3687 summi
366 3611 588 3687 Sacerdotis
606 3610 702 3685 Jesu
721 3609 862 3684 Christi
882 3608 970 3704 Dei,
986 3608 1049 3684 cui
1066 3608 1114 3684 sit
1132 3610 1254 3688 honor

155 3737 195 3801 et
219 3725 338 3827 gloria
362 3725 400 3800 in
425 3725 567 3800 saecula
589 3726 835 3815 raeculorum3
860 3721 1120 3799 intercedente
1143 3725 1252 3801 simul

155 3842 266 3915 beati
282 3840 365 3938 ejus
383 3840 563 3940 genitrice
580 3838 715 3932 Marii,
727 3862 814 3914 cum
830 3837 952 3912 beatis
967 3837 1164 3936 Apostolis
1181 3839 1253 3916 Pe·

157 3966 218 4030 tro
235 3967 275 4030 et
292 3954 427 4050 Paulo,
444 3966 557 4053 atque
575 3955 747 4029 omnibus
767 3951 931 4028 Sanctis.

210 4069 370 4145 Chorus.
399 4069 536 4164 Amen,
553 4093 675 4145 amen.
