2820 5010
156 395 206 466 78
445 414 658 466 concrcruu
685 412 975 465 asnrrnoaansa

206 588 277 664 XI.
303 589 513 665 “Patrinos
539 590 674 664 saltem
700 590 739 666 in
764 601 876 665 aetate
903 590 1125 688 pubertatis,
1142 614 1189 666 ac
1207 594 1268 665 sa·'

157 711 386 780 “eramento
405 704 712 780 Confirmationis
731 705 977 803 consignatos
995 730 1083 780 esse
1101 704 1261 781 maximi

156 819 374 894 “convenit
437 819 572 894 Sciant
600 831 784 917 praeterea
811 819 979 894 Parochi
1004 821 1123 917 (quod
1149 821 1261 895 etde

157 933 465 1009 “Sacerdotibus
484 933 657 1008 omnibus
672 933 736 1031 qui
752 933 982 1031 baptismum
999 933 1262 1009 administrant

157 1047 470 1148 “intelligendum
496 1052 571 1144 est)
598 1049 647 1122 ad
673 1049 748 1122 hoc
774 1073 911 1123 munus
928 1073 1006 1123 non
1024 1036 1261 1125 esse'odmii·

155 1164 323 1238 “tendes
337 1162 522 1256 infideles,
535 1173 601 1236 aut
614 1162 832 1251 haereticos,
858 1188 935 1237 non
949 1161 1097 1261 publici>
1110 1187 1260 1240 excom·

155 1277 413 1370 “municatos,
426 1288 492 1351 aut
504 1275 746 1369 interdictos3
770 1301 848 1351 non
861 1276 1008 1374 publici
1023 1276 1260 1372 criminosos,

154 1399 251 1467 “aut
279 1391 456 1482 infames3
481 1415 555 1465 nec
585 1404 781 1489 praeterea,
811 1391 873 1489 qui
904 1393 996 1465 sani
1025 1403 1156 1467 mente
1184 1416 1259 1467 non

153 1513 290 1599 “sunt3
315 1530 387 1581 nec
406 1505 469 1603 qui
486 1505 661 1600 ignorant
677 1506 892 1580 rudimenta
907 1505 1034 1581 Fidei:
1060 1506 1145 1582 baeo
1159 1506 1257 1583 enim

154 1621 330 1696 “Patrini
363 1620 575 1718 spirituales
609 1619 706 1694 filios
738 1645 828 1695 suos
864 1647 960 1719 quos
995 1621 1044 1695 de
1081 1619 1256 1719 baptismi

152 1735 288 1810 “sonte
314 1734 564 1832 susceperint,
588 1735 652 1809 ubi
682 1758 778 1832 opus
805 1734 929 1829 fuerit,
954 1734 1166 1834 opportune
1192 1736 1256 1811 do

154 1856 274 1925 “cere
300 1860 486 1925 tenentur.
540 1849 632 1946 (aa.
651 1848 811 1946 Rom.)’'

203 1963 295 2039 XII.
322 1965 385 2039 De
402 1963 614 2037 nominibus
633 1963 670 2037 in
688 1963 887 2062 Baptismo
912 1963 1152 2062 imponendis
1169 1988 1256 2064 prae

154 2079 285 2155 scribit
310 2078 483 2153 Rituale:
516 2085 539 2123 “
549 2077 743 2159 Quoniam
760 2077 805 2152 iis
823 2077 886 2176 qui
911 2078 1164 2176 baptizantur,
1179 2091 1256 2155 tan

154 2194 297 2291 “quim
322 2193 399 2267 Dei
423 2192 508 2267 filiis
526 2192 563 2267 in
582 2193 737 2269 Christo
763 2193 1046 2292 regenerandis,
1062 2205 1103 2268 et
1119 2193 1159 2269 in
1176 2194 1255 2293 ejus

152 2308 351 2383 “militiam
365 2307 637 2401 adscribendis,
647 2333 786 2382 nomen
803 2307 1024 2406 imponitur3
1049 2320 1158 2383 curet
1172 2308 1256 2405 (Sa-

151 2424 336 2520 “cerdos)
354 2447 402 2497 ne
424 2423 605 2517 obscena,
622 2422 807 2516 sabulosa,
824 2433 890 2497 aut
912 2422 1083 2516 ridiculo,
1100 2423 1161 2498 vel
1181 2422 1255 2497 ina·

153 2538 288 2612 “nium
305 2537 490 2629 Deorum,
503 2537 561 2610 vel
578 2536 776 2635 impiorum
794 2536 1046 2612 Ethnicorum
1063 2535 1255 2612 bominum

152 2653 337 2728 “nomina
353 2653 611 2750 imponantur3
638 2653 708 2726 sed
729 2649 1170 2751 potiirs,quateni1sfieri
1195 2676 1255 2750 po

152 2774 271 2862 “test,
289 2768 533 2860 Sanctorum,
550 2792 709 2863 quorum
732 2766 913 2864 exemplis
939 2765 1095 2839 Fideles
1120 2765 1174 2841 ad
1198 2763 1253 2864 pie

152 2884 383 2957 “vivendum
408 2882 632 2975 excitentur,
657 2893 696 2955 et
726 2880 943 2980 patrociniis
974 2877 1254 2979 protegantur.”

201 2997 313 3072 XIII.
342 2997 511 3078 Quando
531 2996 776 3071 diversatum
795 2997 1039 3087 Sanctomm,
1056 3005 1137 3068 tum
1153 2993 1255 3069 sami-

152 3112 211 3187 liae
227 3111 381 3186 nomina
397 3112 435 3185 in
459 3111 648 3209 baptismo
674 3110 877 3184 infantibus
895 3108 1120 3202 tribuuntur,
1137 3108 1169 3182 si
1187 3109 1256 3183 Sa·

152 3228 291 3302 cerdos
317 3226 508 3301 censuerit
534 3224 725 3323 expedire,
750 3224 787 3298 in
817 3224 935 3323 primi
960 3222 1254 3321 interrogatione

152 3342 280 3418 omnia
304 3342 458 3416 nomina
481 3342 683 3440 exprimat,
708 3339 1008 3436 insequentibus
1035 3350 1164 3412 tamen
1184 3338 1255 3415 for·

151 3456 222 3531 mis
241 3468 280 3529 et
297 3456 485 3553 precibuS,
501 3456 655 3529 nomina
676 3453 785 3553 vulgi)
811 3454 914 3529 dicta
941 3452 1160 3528 Christiana
1176 3464 1255 3529 tan·

152 3571 232 3647 tirm
260 3582 417 3669 repetat.
441 3627 449 3643 .
469 3568 515 3643 In
543 3571 636 3644 libro
663 3583 790 3645 autem
821 3569 1103 3668 baptismatum,
1129 3569 1255 3645 omnia

151 3686 306 3762 nomina
330 3698 610 3760 recenseantur.

201 3801 309 3876 XIV.
336 3799 601 3892 Missionariis,
627 3801 738 3898 juxta
765 3799 930 3873 Ritualis
966 3797 1136 3874 Romani
1165 3823 1255 3897 prae·

151 3919 345 4017 scriptum,
363 3936 401 3991 et
427 3917 751 4015 praedecessorum
776 3927 992 3990 nostrorum
1018 3915 1188 4009 decreta,
1203 3915 1255 3989 in·

147 4033 353 4134 jungimus,
363 4044 405 4105 ut
417 4031 455 4105 in
467 4031 544 4105 suis
559 4030 747 4105 Ecclesiis
761 4031 875 4104 libros
889 4029 1054 4103 habeant
1066 4029 1105 4104 in
1119 4029 1253 4126 quibus

152 4149 317 4223 referant
334 4146 582 4245 Baptismata,
600 4144 932 4237 Confirmationes,
949 4143 1196 4231 Matrimonia
1216 4155 1255 4218 et

152 4264 398 4362 sepulturas,
424 4287 567 4360 eosque
594 4260 797 4336 Ordinatio
819 4260 857 4334 in
878 4262 945 4335 sui
963 4258 1174 4335 visitatione
1192 4284 1255 4335 ex·

152 4380 315 4455 bibeant.
