2820 5010
193 393 240 463 12
486 413 659 464 svnonus
685 413 983 467 annrruoasnsrs

453 756 631 818 SESSIO
652 742 826 819 '1.-1>av
847 758 1028 819 Novembris.

241 934 552 1017 POSTQUAM
570 937 836 1011 convenissent
853 962 984 1010 omnes
1003 937 1284 1036 superpelliceis

191 1048 322 1143 induti,
349 1051 563 1149 Episcopus
594 1063 720 1125 autem
752 1051 903 1126 indutus
934 1051 1105 1146 rocheto,
1132 1053 1285 1145 amictu,

191 1164 285 1257 albi,
302 1165 465 1264 cingulo,
481 1166 577 1239 stoli
601 1177 641 1238 et
665 1165 828 1262 pluviali,
845 1178 884 1239 et
904 1166 1054 1238 mitram
1080 1167 1284 1263 pretiosam

191 1289 230 1350 et
252 1279 427 1353 baculum
452 1279 680 1376 pastoralem
698 1303 847 1376 gerens,
864 1279 954 1353 hort
972 1280 1119 1355 decima
1140 1281 1284 1353 iverunt

191 1393 520 1489 processionaliter
544 1392 593 1466 ad
618 1391 837 1466 Ecclesiam
864 1392 1134 1467 Cathedralem
1153 1394 1195 1468 S.
1213 1393 1284 1467 Pe-

191 1507 250 1601 tri,
266 1509 304 1581 in
321 1509 394 1605 qui
418 1508 545 1580 omnia
569 1518 701 1603 parata
726 1521 825 1600 sunt,
841 1519 884 1581 ut
909 1508 946 1580 in
967 1506 1184 1582 Pontificali
1205 1508 1284 1582 Ro

191 1643 322 1712 mano,
348 1634 386 1694 et
411 1620 538 1695 habito
556 1644 729 1694 sermone
747 1622 795 1695 ab
813 1621 1022 1719 Episcopo,
1038 1647 1170 1696 omnes
1196 1622 1284 1697 fidei

191 1734 463 1831 professionem
489 1735 710 1826 emiserunt,
738 1737 1029 1832 constitutisque
1055 1736 1285 1813 Promotori·

191 1851 261 1924 bus
287 1849 384 1923 Rev.
403 1850 452 1924 Ι).
472 1849 675 1924 Leonardo
700 1848 822 1924 Neale
841 1863 880 1923 et
896 1849 994 1923 Rev.
1013 1849 1062 1923 D.
1083 1851 1284 1925 Guillelmo

192 1952 329 2062 Elling,
354 1977 392 2038 et
418 1965 634 2038 Secretario
665 1964 762 2037 Rev.
789 1965 838 2038 D.
866 1964 1077 2038 Francisco
1103 1965 1286 2058 Beeston,

192 2078 544 2177 Sessio'prorogata
561 2090 620 2153 cst
637 2104 758 2177 usque
775 2081 823 2153 ad
842 2078 974 2152 horam
992 2081 1141 2153 tertiam
1158 2105 1284 2176 pome-

191 2193 381 2266 ridianam.

436 2500 615 2563 sasslo
646 2501 799 2562 ll.-Dr'e
818 2501 838 2562 7
857 2501 1039 2563 Nouembn'r.

470 2706 519 2754 DE
547 2705 792 2755 SACRAMENTO
821 2705 1002 2753 anvrlsnr.

120 2964 127 2981 .
241 2878 359 2954 CUM
384 2879 473 2953 nilril
497 2881 545 2954 sit
570 2881 607 2955 in
625 2880 828 2978 Religione
844 2891 911 2953 aut
928 2880 1096 2953 sanctius
1114 2892 1180 2954 aut
1204 2905 1284 2978 pre-

191 2995 322 3069 tiosius
358 2995 629 3088 Sacramentis,
659 2994 847 3091 praecipuo
878 2994 1003 3067 studio
1039 2994 1284 3068 laborandum

192 3121 263 3200 est,
278 3121 321 3183 nt
338 3108 398 3182 illa
415 3107 482 3183 rite
500 3109 819 3199 administrentur,
835 3119 875 3180 et
892 3106 1002 3205 (ligne
1021 3109 1282 3205 suscipiantur.

193 3220 342 3295 Initium
368 3223 479 3320 igitur
495 3224 671 3297 ducendo
690 3221 711 3295 i
727 3220 938 3318 Baptismo,
956 3246 1023 3317 per
1040 3247 1151 3317 quem
1170 3221 1285 3295 homi-

192 3360 260 3409 nes
278 3337 490 3410 christiana
505 3337 679 3411 societati
705 3349 969 3433 aggregantur,
986 3337 1285 3410 considerantes-

11 3478 13 3487 ·
54 3508 58 3519 .
192 3474 266 3548 que
289 3475 359 3522 nos
384 3448 444 3523 hlc
470 3463 653 3524 terrarum
679 3449 775 3523 inter
801 3450 926 3545 plures
948 3449 1284 3525 Heterodoxorum

192 3576 318 3639 sectas
332 3564 483 3656 versari,
495 3589 579 3661 quae
596 3563 830 3661 Baptismum
845 3566 902 3637 vel
917 3563 1066 3638 omninb
1080 3589 1156 3638 non
1171 3564 1285 3638 admi·

192 3678 363 3770 nistrant,
380 3677 437 3750 vel
463 3701 538 3750 non
560 3677 631 3750 nisi
648 3676 804 3767 adultis,
831 3680 888 3751 vel
915 3680 1092 3774 quoniam
1111 3704 1285 3753 necessa-

192 3794 286 3866 rium
304 3793 352 3866 ad
379 3792 537 3866 salutem
555 3815 642 3864 esse
658 3803 811 3889 negant,
828 3803 915 3864 sunt
941 3816 1072 3889 parum
1098 3794 1135 3866 in
1158 3818 1204 3866 eo
1222 3793 1285 3866 ad-

192 3906 436 3980 ministrando
463 3905 674 4003 diligentes,
700 3905 940 3979 Srnruruus:

244 4027 274 4094 l.
302 4020 354 4095 Ut
384 4020 660 4117 rebaptizentur
689 4019 759 4092 sub
790 4019 1021 4112 conditione,
1050 4021 1098 4093 de
1127 4044 1285 4116 quorum

192 4135 377 4234 Baptismi
410 4134 599 4207 validitate
634 4144 720 4230 post
757 4132 973 4230 diligentem
1009 4135 1285 4230 inquisitionem

192 4249 378 4324 certitudo
404 4249 556 4321 moralis
573 4247 703 4343 nequit
720 4247 898 4338 obtineri,
923 4270 970 4321 ac
988 4260 1029 4321 ut
1050 4248 1211 4322 infantes
1230 4273 1286 4322 ur-

193 4378 304 4464 gente
332 4363 498 4462 pericnlo
519 4361 697 4461 baptizati
724 4363 771 4436 ab
794 4363 1059 4438 obstetricibus
1088 4363 1287 4455 hoereticis,
