2820 5010
483 359 601 411 lNDEX
628 360 918 413 ALPHABE'HGUS.

150 692 277 767 Episcopi
294 710 341 765 per
351 694 469 749 subsidia
479 712 514 750 ex
525 696 638 767 pmpriia
653 696 813 753 dioecasibus
827 696 1071 768 juvandos-td
1089 694 1253 765 assequendi

221 780 318 835 modus
329 798 347 835 a
358 780 475 836 conciliis
487 781 693 851 provincialibus
705 782 905 854 proponendus,
916 781 1145 843 bdestnomodo
1156 792 1249 837 actum

223 863 257 919 sit
279 864 308 920 in
329 865 450 921 Concilio
470 867 539 921 circa
557 866 745 938 episcopomm
763 866 984 933 nominationem,
1002 866 1192 927 9.-ttuinam
1214 865 1247 920 ad

223 966 308 1005 noras
318 950 401 1006 Sedes
411 950 506 1006 adlecti
516 950 615 1007 fuerint
626 952 754 1023 episcopi,
764 952 810 1019 63,
821 954 853 1007 t'rt
863 952 979 1009 cdttotnt⁸

154 1034 286 1107 Epistola
297 1035 439 1104 quasdam,
451 1035 566 1092 Consilii
577 1037 697 1103 nomine,
708 1036 838 1093 scribendi
849 1054 951 1093 munus
963 1036 1062 1107 quibus
1073 1036 1251 1107 assignatum,

220 1118 248 1174 11
260 1138 267 1175 ε
286 1136 348 1189 qua
358 1120 385 1175 in
398 1119 512 1176 concilio
524 1121 598 1177 lecttc
610 1122 801 1193 approbantur,
812 1121 858 1188 ³7,
871 1122 914 1177 38.

655 1265 679 1319 E

150 1361 234 1461 Panto·
245 1364 372 1434 quadarn
397 1364 426 1419 in
451 1364 613 1434 quibusdam
630 1365 791 1421 dracmibus
813 1365 977 1421 observanda
994 1376 1185 1437 suggerunmr‚
1203 1363 1249 1431 56,

153 1464 252 1587 rarsi
262 1448 451 1600 mortam
470 1532 660 1589 Gubernatoris
677 1534 762 1589 civilis
779 1533 936 1601 celebrandi,
948 1533 1113 1590 declarantur
1130 1550 1185 1589 nou
1204 1533 1251 1588 ad·
1277 1540 1283 1553 ·

221 1616 319 1671 versari
331 1616 378 1673 ulli
390 1617 526 1673 Benedicti
538 1617 610 1672 XIV
622 1618 812 1685 constitutioni,
823 1618 867 1675 31.

689 1760 715 1817 L

149 1856 269 1914 marn
285 1858 407 1929 religiosa
423 1876 519 1916 eorum
535 1860 583 1929 qui
605 1859 704 1915 militie
717 1860 761 1916 vel
778 1859 857 1917 classi
878 1860 1003 1932 adscripti
1021 1870 1095 1927 sunt,
1106 1860 1180 1915 omni
1198 1877 1251 1931 ope

150 1944 405 2100 nosrtffli'nfsr
425 2030 458 2085 de
477 2030 603 2101 religione
620 2042 769 2098 metantes,
781 2048 837 2086 non
855 2031 1024 2103 imprimendi
1040 2030 1099 2087 sine
1116 2032 1249 2103 permissu

222 2115 353 2171 Ordinarii
365 2115 485 2171 locomm
496 2116 544 2172 ubi
554 2116 681 2183 eduntur,
693 2116 737 2172 46.

151 2198 393 2273 WWW
403 2200 533 2272 Episcopi
544 2201 642 2271 agendi
652 2201 718 2258 ratio
729 2202 819 2273 quoad
836 2202 1023 2257 coemeterium
1034 2202 1171 2271 quoddam
1183 2202 1250 2257 Ger-

224 2300 368 2339 manorum
379 2284 539 2352 vindicatur,
551 2285 595 2341 36.

686 2426 719 2482 Μ

151 2522 280 2579 Mattiacis
295 2524 523 2592 commanos,
535 2543 622 2597 nuper
638 2526 751 2593 editum,
763 2527 865 2597 ubique
882 2527 1072 2584 adhibendum.
1090 2528 1252 2583 ts-Ritus

226 2610 254 2664 in
266 2627 298 2665 eo
309 2611 454 2682 prescripti
465 2629 513 2683 pro
526 2612 707 2667 benedictione
724 2612 775 2667 SS.
787 2612 954 2669 Sacmmenti
965 2614 1053 2670 stricte
1064 2612 1197 2681 servandi,
1209 2612 1253 2667 48.

156 2693 367 2751 Matrimonium.
402 2697 551 2757 Quomodo
572 2714 632 2751 sese
649 2714 740 2768 gerere
759 2696 872 2751 debeant
889 2700 1037 2753 sacerdotes
1055 2714 1118 2767 erga
1136 2714 1183 2753 cos
1205 2697 1253 2765 qui

226 2779 421 2837 matrimoniale
438 2781 527 2837 soedus
539 2799 629 2837 coram
640 2782 768 2837 ministris
779 2792 913 2837 sectamm
926 2781 987 2853 jam
997 2781 1124 2849 inierunt,
1137 2782 1180 2837 vel
1191 2794 1255 2838 sunt

223 2864 325 2932 inituri,
336 2864 532 2937 49.-Amplas
544 2866 682 2923 facultates
689 2884 770 2939 super
780 2865 956 2921 matrimoniis
967 2866 1070 2933 mixtis,
1080 2878 1107 2921 et
1118 2867 1242 2938 dispensa

224 2949 341 3006 tionibus
354 2969 371 3006 a
382 2952 543 3021 quibusdam
554 2952 750 3025 impedimentis
761 2951 898 3025 postulant
909 2952 1009 3021 Patres,
1020 2952 1065 3019 33,
1082 2952 1255 3009 ‹ld-Petere

165 3032 171 3047 '
224 3048 347 3093 statuunt
366 3050 397 3093 ut
419 3038 447 3094 in
466 3038 643 3095 matrimoniis
660 3039 763 3108 mixtis,
782 3057 837 3095 non
851 3038 1049 3111 juramentum,
1060 3040 1106 3095 sed
1127 3039 1254 3096 solemnis

226 3133 331 3177 tantum
349 3123 488 3193 promissio
500 3124 534 3179 de
545 3124 681 3179 servandis
698 3123 893 3180 conditionibus
904 3123 1037 3195 exigatur,
1049 3124 1254 3185 33.-0,uaestio

225 3206 258 3261 de
269 3205 378 3261 mulctis
389 3207 557 3279 imponendis
573 3209 603 3267 in
613 3209 843 3281 dispensationum
855 3208 1035 3275 concessione,
1048 3208 1255 3265 Prouincialium

224 3292 407 3348 Conciliomm
414 3293 516 3365 judicio
528 3294 695 3366 relinquitur,
706 3294 750 3351 36.
785 3294 849 3350 vid
860 3294 969 3361 Bonam,
985 3294 1194 3351 comissas.

155 3374 369 3450 Monlisrsgcmit
378 3378 532 3451 Episcopus
541 3380 632 3435 Patres
639 3380 754 3435 consulit
765 3380 831 3449 quid
842 3379 876 3434 sit
888 3379 1040 3435 iaciendum
1048 3380 1117 3435 circa
1125 3398 1254 3451 magnam

226 3462 348 3533 pecunia
361 3480 510 3530 summam,
521 3482 538 3520 u
549 3464 694 3523 Maricano
706 3466 844 3521 Gubemio
856 3465 982 3531 debitam,
992 3464 1037 3521 35.

690 3610 717 3664 0

161 3704 288 3777 Officiclas
300 3704 415 3761 Concilii
427 3704 540 3775 quinam
551 3707 626 3763 electi
637 3707 745 3775 suerint,
756 3708 800 3763 20.

159 3948 306 4021 Pmbqlm'
317 3948 489 4004 missionibus
501 3949 606 4016 addicti,
617 3950 731 4007 Ordines
746 3950 878 4022 regulmes
890 3950 991 4021 ingredi
1004 3962 1144 4019 nequeunt
1154 3954 1258 4024 absque

226 4033 356 4105 Episcopi
367 4034 410 4089 sui
421 4033 537 4101 licentia,
548 4035 592 4091 61.

157 4119 331 4175 Ρνοοαιίωια
342 4120 477 4190 quomodo
488 4120 625 4187 ordinatu,
636 4132 663 4175 et
674 4120 772 4191 quibus
783 4120 946 4176 indumentis
958 4120 1089 4191 Episcopi
1100 4134 1126 4177 et
1137 4122 1258 4193 reliquus

228 4204 313 4259 clerus
325 4204 358 4261 ad
370 4222 416 4259 eas
428 4206 593 4268 accesserint,
608 4204 648 4260 13.
