2820 5010
217 383 263 451 14
509 400 681 450 arnonus
706 399 1002 449 asuriuonaasrs

212 589 411 651 moneatur
435 576 544 673 quam
570 576 788 650 indecorum
806 577 855 648 sit
872 577 998 649 omnia
1014 600 1099 672 quae
1115 577 1306 653 sacrificio

212 691 418 765 inserviunt
445 690 530 762 vilia
556 714 643 762 esse
670 702 710 762 et
739 689 929 786 squalida,
955 714 1032 762 non
1060 702 1200 784 vestes,
1228 716 1306 766 non

212 828 371 903 pannos,
386 828 462 877 non
488 804 668 878 candelas
690 827 836 896 cereas,
852 828 928 876 non
946 790 1165 877 sacra'vasa
1189 808 1306 880 tantis

211 919 397 1016 mysteriis
425 917 671 992 conficiendis
696 941 783 990 esse
811 917 1067 1015 congruentia.
1119 917 1307 993 Monean-

210 1044 272 1125 tur
287 1033 441 1107 Fideles
459 1032 508 1106 de
526 1033 670 1105 summa
695 1031 896 1128 diligentia,
913 1031 985 1126 qua
1004 1030 1114 1104 Deus
1131 1032 1169 1105 in
1187 1034 1305 1106 veteri

210 1146 460 1221 Testamento
478 1146 658 1243 praecepit
673 1157 716 1219 ut
736 1145 863 1218 omnia
883 1157 1103 1218 curarentur
1127 1146 1178 1219 ad
1203 1145 1306 1221 Divi·

210 1284 299 1335 num
320 1261 462 1334 cultum
488 1259 715 1357 spectantia:
742 1257 881 1355 quanto
906 1257 1030 1355 potiris
1055 1259 1166 1357 igitur
1191 1259 1305 1334 hoca

211 1374 435 1449 Christianis
448 1374 528 1446 fieri
546 1372 735 1464 convenit,
745 1373 808 1468 qui
825 1397 914 1464 non,
926 1385 968 1446 ut
983 1372 1121 1465 Judaei,
1133 1375 1303 1449 umbram

209 1489 394 1563 bonorum
419 1487 628 1586 possident,
644 1486 712 1560 sed
739 1487 858 1583 ipsam
876 1487 1070 1560 veritatem
1091 1500 1237 1583 tenent,
1252 1501 1305 1563 at·

210 1626 283 1698 que
312 1603 515 1699 figurarum
543 1601 708 1673 omnium
736 1600 1070 1697 complementum!
1119 1600 1304 1676 Monean-

210 1728 270 1790 tur
302 1716 393 1789 item
427 1716 475 1789 de
508 1714 758 1788 oblationibus
788 1738 882 1810 quas
912 1715 951 1787 in
980 1715 1167 1789 sacrificio
1195 1718 1304 1815 primi

211 1830 415 1903 Christiani
441 1853 591 1925 semper
616 1829 873 1918 contulerunt3
899 1829 1181 1927 doceanturque
1198 1832 1303 1929 ipsos

209 1944 343 2018 divinae
360 1944 488 2042 gloriae
503 1942 661 2017 maxime
680 1943 845 2016 incurios
864 1967 962 2036 esse,
978 1945 1041 2040 qui
1062 1944 1152 2018 nihil
1178 1945 1305 2019 conse

208 2070 295 2132 runt
328 2059 378 2132 ad
412 2081 459 2131 ea
492 2057 781 2153 suppeditanda,
810 2056 891 2129 sine
922 2058 1055 2153 quibus
1089 2057 1303 2156 Religionis

209 2172 396 2245 exercitiis
423 2196 493 2244 sua
518 2171 679 2268 dignitas
697 2183 736 2243 et
752 2171 959 2244 auotoritas
976 2171 1123 2245 videtur
1144 2172 1305 2265 detrahi,

209 2298 248 2360 et
266 2286 341 2359 SS.
361 2285 610 2359 Eucharistiae
628 2283 750 2357 cultus
768 2284 923 2358 multbm
941 2284 1177 2359 imminuitur.

258 2404 291 2472 6.
320 2400 542 2473 Srnruruus
567 2398 679 2495 igitur
699 2409 740 2470 ut
766 2398 804 2470 in
821 2397 976 2495 singulis
1003 2400 1303 2497 congregationi-

208 2515 278 2589 bus
304 2515 380 2588 duo
406 2525 471 2586 aut
495 2526 571 2585 tres
602 2513 800 2610 praecipuae
824 2512 968 2585 virtutis
996 2536 1042 2586 ac
1066 2514 1301 2587 auctoritatis

209 2630 287 2721 viri,
309 2627 485 2724 tanquam
511 2626 700 2700 Ecclesiae
724 2637 919 2700 curatores
941 2627 962 2699 a
982 2626 1157 2721 Pastore,
1173 2628 1232 2700 vel
1253 2629 1301 2703 ab

208 2743 298 2841 ipsis
316 2741 670 2840 congregationibus
688 2741 884 2838 eligantur,
901 2752 1013 2836 atque
1031 2753 1073 2814 ut
1089 2741 1301 2816 Dominicis

207 2871 248 2931 et
280 2857 314 2930 F
317 2857 408 2930 estis
439 2856 571 2929 diebus
601 2866 797 2929 curatores
827 2854 950 2928 taliter
979 2856 1186 2948 constituti,
1215 2868 1303 2953 post

208 2972 348 3046 lectum
373 2971 410 3044 in
435 2969 556 3043 Missa
581 2968 843 3067 Evangelium,
860 2969 1123 3042 collectionem
1148 2970 1302 3044 oblatio-

207 3110 297 3161 num
323 3085 472 3159 faoiant.
544 3074 547 3083 ¹
1026 3136 1030 3141 -

257 3204 291 3274 7.
320 3198 557 3290 OblationeS,
576 3199 687 3295 juxta
711 3197 904 3293 antiquum
934 3197 1123 3272 Ecclesiae
1146 3222 1303 3291 morem,

209 3314 420 3388 dividantur
436 3315 472 3387 in
490 3325 567 3385 tres
586 3326 725 3410 partes,
737 3313 769 3385 si
782 3336 941 3386 necesse
955 3312 1082 3403 fuerit,
1108 3313 1160 3384 ita
1173 3324 1214 3386 ut
1226 3338 1302 3387 una

210 3428 431 3503 Sacerdotis
449 3427 725 3521 sustentationi,
741 3451 817 3501 una
833 3426 1070 3501 sublevandis
1095 3451 1300 3524 pauperum

208 3542 509 3633 necessitatibus,
525 3553 563 3614 et
581 3542 699 3615 altera
721 3542 984 3639 comparandis
1002 3555 1190 3637 quaesunt
1215 3543 1302 3616 divi-

208 3683 258 3733 no
284 3656 400 3732 cultui
425 3656 653 3747 necessaria,
670 3667 708 3728 et
728 3655 879 3730 fabricae
902 3655 1162 3730 Ecclesiarum
1188 3657 1302 3754 appli-

188 3856 191 3863 ,
209 3785 325 3847 cetur.
379 3770 422 3843 Si
441 3768 527 3842 vero
541 3768 687 3843 aliunde
702 3769 904 3843 sanctuarii
922 3769 1099 3842 ministris
1114 3770 1161 3843 de
1175 3770 1302 3843 alimo-

206 3888 279 3981 nia,
306 3898 345 3959 et
372 3884 596 3982 pauperibus
625 3884 672 3957 de
701 3884 927 3959 sublevandi
960 3884 1083 3981 inopia
1111 3885 1300 3982 provisum

208 4002 331 4095 fuerit,
343 4025 475 4073 omnes
494 3998 702 4072 oblationes
721 3998 962 4072 conferantur
979 4000 1028 4073 ad
1045 4001 1301 4097 comparanda

209 4141 299 4191 vasa
328 4139 451 4207 sacra,
481 4127 683 4211 ceteraque
711 4114 835 4188 divino
863 4114 979 4188 cultui
1006 4115 1236 4208 necessaria,
1262 4126 1301 4188 et

209 4233 257 4307 ad
285 4231 483 4307 Ecclesias
511 4231 753 4328 reparandas,
770 4230 827 4303 vel
845 4230 1065 4326 opportunis
1094 4230 1187 4302 locis
1213 4252 1301 4303 con·

207 4347 416 4421 struendas.
