2820 5010
541 425 794 477 rsovrnorsns
819 424 873 511 ιιι.
1187 400 1259 522 ld}

153 618 264 682 turae
277 604 327 681 do
341 604 455 679 rebus
468 602 527 677 vel
544 601 716 700 personis
730 599 1013 695 ecclesiasticis,
1024 596 1144 674 amice
1155 621 1260 673 com-

155 730 316 820 ponant,
326 717 384 792 vel
395 717 531 792 saltem
535 715 681 815 judicio
692 715 876 814 Episcopi
886 716 1115 794 submittant.
1143 721 1260 804 Qubd

155 834 191 909 si
204 831 470 909 ecclesiastica
481 831 542 904 vel
559 829 736 928 religiosa
748 830 942 927 utriusque
956 832 1068 906 sextis
1086 858 1262 933 persona,

156 947 272 1022 oliam
289 968 492 1045 personam
509 944 812 1020 ecclesiasticam
824 945 884 1018 vel
901 945 1114 1044 religiosam
1131 950 1263 1025 utrius·

158 1086 236 1160 que
253 1061 381 1155 sexis,
396 1084 528 1135 coram
545 1059 643 1134 civili
666 1058 842 1133 tribunali
863 1059 1005 1135 temere
1023 1061 1193 1138 citaverit
1214 1065 1262 1139 de

159 1200 204 1251 re
220 1175 317 1276 Juris
333 1173 463 1250 stricte
481 1173 745 1268 ecclesiastici,
759 1173 907 1248 noverit
923 1198 966 1248 se
986 1173 1024 1248 in
1042 1201 1224 1253 censuras
1242 1178 1264 1254 d

155 1290 246 1390 jure
262 1290 361 1364 latas
379 1287 558 1364 incidere.

212 1403 300 1478 VII.
326 1401 427 1478 (lum
445 1427 493 1478 ex
515 1400 771 1477 Sacerdotem
786 1425 968 1500 vagorum
989 1415 1030 1478 et
1048 1404 1263 1503 ignotorum

161 1517 337 1594 discursu
369 1517 420 1592 ad
453 1517 716 1613 eleemosynas
751 1515 772 1590 b
804 1515 1000 1594 Fidelibus
1030 1519 1262 1620 colligendas

162 1631 291 1732 gravia
303 1631 471 1707 oriantur
484 1630 740 1725 incommoda,
751 1629 872 1705 visum
886 1631 1124 1723 estdistrictb
1143 1635 1264 1732 prohi-

160 1746 254 1821 bere
270 1769 319 1820 ue
338 1745 533 1820 Sacerdos
550 1744 697 1843 aliquis,
708 1745 853 1842 absque
871 1745 1055 1845 Episcopi
1072 1748 1131 1822 sui
1146 1749 1265 1845 venit,

161 1861 306 1961 scripto
333 1861 533 1955 concessi,
558 1872 667 1935 extra
694 1862 1042 1960 Congregationem
1069 1864 1138 1939 sibi
1163 1889 1265 1940 com·

162 1976 319 2052 missam
332 1975 595 2074 eleemosynas
610 1986 727 2075 petat,
738 1977 797 2050 vel
809 1977 848 2050 in
860 1976 931 2051 alii
948 1977 1103 2052 dioecesi
1119 1980 1264 2077 absque

163 2089 357 2168 Ordinarii
379 2089 537 2165 licentii.
591 2089 707 2172 Quod
733 2089 767 2164 si
789 2091 985 2166 Sacerdos
1008 2092 1141 2190 aliquis
1164 2093 1265 2171 hanc

163 2204 288 2305 legem
300 2204 514 2302 transgredi
531 2205 823 2302 praesumpserit,
835 2205 1029 2281 hortamur
1046 2207 1263 2306 Episcopos

164 2331 208 2395 ut
222 2317 482 2417 suspensionis
496 2320 657 2393 censuri
669 2343 757 2393 eum
773 2319 901 2394 statim
917 2319 1109 2397 innodent.
1160 2322 1266 2398 Reli-

166 2435 263 2535 giosi
285 2418 413 2509 autem
430 2433 668 2508 meminerint
684 2433 743 2507 sui
762 2433 976 2532 Superioris
1001 2435 1191 2512 licentiam
1208 2462 1266 2512 se·

165 2572 255 2625 cum
271 2541 419 2624 afferre

216 2663 325 2739 VIII.
352 2663 407 2739 Ut
431 2662 558 2738 omnia
577 2663 688 2762 juxta
704 2663 874 2738 ordinem
899 2663 1004 2759 fiant,
1020 2676 1059 2739 et
1076 2665 1265 2743 solemnes

167 2776 356 2855 Ecclesiae
372 2777 466 2853 ritus
482 2777 619 2876 integri
635 2789 843 2872 serventur,
856 2803 1055 2853 monemus
1072 2779 1265 2857 Rectores

167 2892 432 2993 Ecclesisrum
444 2904 486 2968 ut
504 2891 635 2968 sedulb
651 2891 842 2991 invigilent
858 2892 908 2966 ad
924 2894 1065 2968 abusus
1079 2893 1268 2971 eliminan-

167 3008 241 3089 dos
257 3006 323 3106 qui
338 3007 377 3082 in
393 3003 510 3083 cantu
527 3006 789 3082 ecclesiastico
807 3007 845 3081 in
862 3005 920 3081 bis
937 3007 1152 3107 regionibus
1168 3009 1267 3084 iuva-

167 3123 329 3198 luorunt
381 3121 528 3197 Curent
549 3120 661 3220 igitur
677 3131 720 3195 ut
736 3133 983 3221 sacrosancto
1006 3120 1140 3197 Missae
1155 3123 1267 3199 sacri

168 3236 257 3313 ficIo
280 3247 321 3312 et
342 3234 424 3310 aliis
442 3234 574 3311 divinis
592 3235 724 3311 officiis
741 3235 899 3329 musica,
914 3260 992 3310 non
1009 3236 1096 3311 verb
1113 3237 1268 3314 musIcoe

167 3350 296 3428 divina
317 3349 443 3426 officia
465 3348 679 3425 inserviant.
729 3348 768 3423 N
770 3347 926 3444 overint,
943 3349 1055 3449 juxta
1079 3350 1268 3427 Ecclesioe

169 3465 295 3559 ritum,
315 3463 484 3540 carmina
508 3463 710 3539 vernaculo
731 3463 923 3558 idiomate,
938 3463 1036 3540 inter
1060 3463 1267 3542 bsrssemm

168 3577 367 3673 solemnia,
398 3577 457 3653 vel
490 3577 682 3676 Vesperas
716 3577 919 3673 solemnes,
951 3579 1157 3655 decantare
1190 3605 1266 3657 non

169 3693 297 3769 licere

219 3804 292 3882 IX.
318 3805 452 3881 Visum
469 3817 529 3880 est
546 3805 588 3879 S.
608 3804 703 3879 Sedi
727 3804 952 3882 humillimas
973 3805 1165 3906 porrigere
1188 3832 1268 3908 pre·

160 3946 251 4021 ces,
260 3934 304 3998 ut
315 3921 440 3997 habiti
452 3921 597 3995 ratione
611 3920 912 4019 gravissimarum
924 3923 1056 4019 quibus
1070 3925 1268 4024 subjacent

170 4035 432 4128 difficultatum
450 4035 604 4109 Fideles
621 4034 659 4108 in
676 4033 733 4108 his
751 4034 961 4112 Provinciis
977 4036 1074 4114 inter
1091 4041 1268 4116 acatholi-

172 4176 241 4228 cos
259 4151 457 4259 degentes,
474 4149 666 4251 obligatio,
681 4173 767 4248 quae
781 4150 819 4225 in
834 4151 1024 4250 plerisque
1041 4154 1267 4233 dioecesibus

173 4266 284 4367 viget,
294 4264 471 4342 sanandi
486 4263 618 4340 feriam
635 4264 843 4340 secundam
859 4264 1061 4343 Pascbatis
1075 4280 1115 4344 et
1130 4268 1268 4349 Pente-

174 4394 315 4477 costes,
337 4393 516 4479 tanquam
541 4379 624 4456 dies
648 4379 781 4476 festos,
803 4380 1029 4460 auctoritate
1046 4383 1268 4484 Apostolioi
