2820 5010
591 392 821 444 rasurarum
1207 382 1257 453 25

208 573 339 649 Prima
364 573 521 672 quaestio
552 571 601 645 ad
632 592 764 645 omnes
794 569 1133 675 Archiepiscopos,
1157 589 1198 650 ut
1224 577 1260 651 ei

158 689 444 786 responderent,
473 684 702 761 demandata
729 694 798 757 est.
862 685 925 761 De
961 692 1256 784 secunda-cum

158 802 312 876 deesset
341 799 742 898 Ludovicopolitanus,
767 823 845 873 non
877 812 936 876 est
970 802 1083 878 hodio
1117 817 1256 881 ectum.

158 912 291 989 Tertia
304 916 455 990 demum
473 915 522 987 ad
537 910 883 1011 congregationem
898 914 945 988 de
958 915 1044 1015 jure
1058 918 1257 1011 canonico,

158 1037 197 1101 et
213 1040 348 1126 quarta
364 1029 414 1103 ad
432 1052 516 1103 eam
542 1027 590 1101 de
616 1024 891 1126 gravaminibus
909 1038 949 1103 ot
965 1029 1128 1127 querelis
1154 1056 1256 1106 man·

158 1144 257 1220 datae
274 1158 370 1220 sunt.
416 1172 419 1177 ·

207 1257 270 1333 Ex
287 1272 414 1334 mente
439 1256 679 1350 Buffalensis,
696 1280 792 1331 onus
818 1256 1037 1354 Buffalensi,
1053 1258 1256 1337 Montisre-

156 1371 212 1472 gis
237 1385 276 1447 et
300 1372 554 1471 Nosqualensi
577 1373 707 1447 datum
733 1382 795 1446 est
811 1371 952 1446 formas
982 1397 1140 1471 precum
1165 1400 1254 1450 con-

155 1486 344 1563 scribendi
377 1513 446 1587 pro
480 1484 728 1563 conversione
763 1484 1063 1564 acatholicorum
1097 1489 1254 1565 istarum

155 1600 450 1677 Provinciamm.

201 1714 314 1809 Item,
326 1712 622 1815 Congregationi
635 1712 684 1787 de
697 1712 817 1787 sacris
830 1712 961 1789 ritibus
975 1738 1110 1791 munus
1122 1717 1250 1792 datum

155 1839 214 1902 est
232 1828 519 1921 Caeremoniale,
544 1838 583 1901 et
600 1825 922 1902 caeremoniarum
946 1827 1128 1905 Manuale
1146 1855 1170 1903 a
1186 1831 1213 1903 J
1216 1855 1253 1904 o-

156 1965 255 2014 rmun
273 1941 461 2034 Munrar,
478 1939 627 2041 anglico
646 1962 820 2014 sermone
841 1940 918 2016 luci
936 1941 1075 2038 danda,
1091 1944 1253 2019 examini

155 2054 387 2153 subjiciendi.

204 2169 430 2246 Mandatum
455 2179 515 2242 est
541 2166 837 2267 Congregationi
855 2168 903 2242 do
921 2170 1196 2269 gravaminibus
1215 2184 1254 2247 et

155 2285 331 2382 querelis,
355 2295 398 2359 ut
423 2283 619 2381 exquirant
644 2305 733 2357 num
753 2282 879 2380 justas
907 2285 1088 2361 absentiae
1113 2312 1252 2374 causas

156 2400 350 2497 proferant
379 2399 416 2493 ii,
434 2398 497 2496 qui
528 2396 615 2471 huie
648 2395 824 2471 Concilio
853 2398 1076 2474 intervenire
1103 2401 1254 2497 debent,
1335 2403 1336 2408 ’

154 2536 227 2588 neo
245 2525 371 2588 tamen
390 2512 538 2586 adsunt.

203 2625 381 2701 Tandem
415 2636 597 2700 statutum
629 2635 688 2699 est
721 2623 877 2724 singulis
912 2625 1089 2701 Patribus
1124 2627 1252 2722 licere,

154 2740 287 2839 quibus
311 2738 534 2838 responderi
567 2738 834 2836 quaestionibus
869 2740 1047 2837 expedire
1081 2753 1252 2837 censent,

157 2855 216 2928 vel
235 2854 283 2929 dc
309 2853 354 2927 iis
382 2853 577 2928 decretum
603 2851 696 2946 fieri,
713 2875 779 2925 eas
805 2851 914 2926 variis
942 2853 1252 2952 Congregationi·

153 2968 237 3061 bus,
253 2991 322 3065 pro
341 2966 491 3041 diversa
507 2965 748 3040 materiarum
766 2965 925 3059 ratione,
942 2990 1165 3066 proponere.

203 3078 367 3156 Lectum
396 3090 454 3154 est
490 3079 702 3154 decretum:
734 3078 913 3153 Manius
946 3081 1123 3155 volumus
1149 3106 1251 3182 pror·

155 3196 354 3369 miledlecti
388 3303 476 3368 sunt
509 3291 807 3392 Pittsburgensis
841 3303 881 3367 et
914 3292 1157 3390 Albanensis,
1185 3296 1250 3394 qui

152 3408 262 3483 Actis
290 3432 315 3482 a
349 3407 573 3483 Secretariis
608 3407 722 3482 latine
750 3417 855 3482 recte
885 3409 1169 3483 conscribendis
1199 3410 1250 3484 in-

151 3522 185 3596 vi
213 3523 357 3597 'larent

187 3548 332 3717 g(llumn
369 3637 463 3710 hora
497 3635 725 3729 advenisset,
758 3660 833 3733 qua
867 3638 915 3711 de
940 3636 1047 3710 novis
1082 3636 1248 3713 Sedibus

151 3749 351 3848 erigendis,
368 3748 633 3851 episcopisque
658 3748 896 3825 nominandis
922 3750 1112 3849 agendum
1133 3763 1250 3845 esset,

150 3876 391 3939 recesserunt
409 3863 625 3939 Secreterii.
