2820 5010
151 336 175 404 8
438 355 648 407 coucrmuu
675 354 962 406 unurruoauusu

204 532 375 605 Aboram
388 542 512 604 autem
532 529 672 604 Revni
683 542 722 604 ct
733 530 832 605 lllmi
846 529 1257 630 Vincennopolitanus,

156 645 218 742 qui
245 657 398 743 propter
427 647 598 744 quaedam
618 645 829 720 dioeceseos
847 670 927 720 suae
950 645 1107 744 negotia
1133 643 1256 718 Euro-

156 785 243 858 pam
260 760 438 857 petierat3
464 772 503 834 ct
528 759 849 834 lllilwauchiensis
868 772 982 857 atque
1000 757 1141 834 Sancti
1158 756 1255 831 Pau-

155 874 192 967 li,
209 898 304 970 quos
329 886 456 948 tamen
473 887 595 947 semet
610 873 648 947 in
665 873 762 946 viam
780 873 945 967 dedisse,
966 896 1013 948 ac
1030 871 1251 971 propediem

157 989 384 1063 adventuros
408 987 618 1061 nuntiatum
637 999 706 1061 ost.

208 1103 447 1178 Conveniunt
462 1102 585 1202 igitur,
601 1102 695 1176 hora
705 1104 786 1201 jam
804 1102 920 1195 dicta,
936 1101 1078 1177 Revmi
1093 1114 1136 1175 et
1151 1099 1249 1175 luni

158 1216 363 1314 supradicti
380 1215 544 1310 Praelati,
560 1227 663 1290 veste
682 1215 803 1310 talari,
819 1217 877 1291 vel
894 1228 1040 1291 tantum
1058 1214 1202 1307 habitu,
1211 1226 1249 1287 ut

156 1330 273 1425 aiunt,
285 1331 381 1407 civili
396 1331 527 1425 induti,
539 1332 587 1405 ad
599 1356 822 1407 consessum
838 1331 1022 1429 privatum
1035 1329 1248 1405 habendum

157 1445 258 1542 apud
281 1444 470 1519 Revffium
488 1444 538 1519 D.
557 1445 897 1544 Archiepiscopum
923 1445 1248 1535 Baltirnorensem,

158 1571 199 1633 ut
226 1561 376 1658 regulas
404 1559 588 1657 quasdam
613 1571 781 1634 statuant
806 1584 874 1659 pro
900 1557 1062 1659 negotiis
1088 1555 1247 1632 Concilii

158 1674 289 1748 ordine
306 1674 524 1766 tractandis,
537 1685 576 1747 et
592 1687 634 1747 ut
650 1674 796 1749 illorum
814 1673 966 1749 nomina
982 1678 1247 1770 proponantur,

158 1816 254 1887 quos
272 1790 437 1864 crastino
456 1788 516 1863 die
540 1788 577 1863 in
603 1789 798 1865 Officiales
826 1789 988 1865 concilii
1011 1789 1154 1888 eligere
1179 1788 1248 1886 pla-

158 1916 264 1996 ceat3
288 1927 438 1979 necnon
464 1915 504 1977 ut
530 1902 663 1977 Illffius
689 1916 727 1978 et
753 1903 927 1978 Rcvffius
951 1903 1247 1995 Baltimorensis,

158 2043 241 2115 quae
267 2018 305 2091 in
336 2015 510 2093 Concilio
541 2018 689 2116 agenda
718 2017 804 2112 sint,
834 2016 1011 2092 Patribus
1041 2016 1245 2117 generatim

157 2145 332 2229 exponat

192 2247 401 2320 Consessui
412 2246 556 2344 praesuit
566 2246 727 2345 ipsemet
736 2245 1035 2338 Baltimorensis,
1045 2257 1179 2344 utpote
1190 2244 1246 2343 qui

155 2383 222 2458 per
239 2360 362 2434 Breve
380 2358 657 2460 A'postolicum,
670 2361 730 2434 die
751 2364 796 2432 19
814 2360 978 2459 Augusti
994 2359 1038 2433 M
1042 2358 1247 2435 DCCCLI

156 2474 298 2567 datum,
315 2474 524 2573 Delegatus
552 2474 665 2548 Sedis
684 2474 918 2571 Apostolicoe
934 2473 1045 2547 suerit
1071 2474 1248 2549 constitu-

155 2601 229 2683 tus,
252 2601 293 2663 ut
319 2589 531 2664 Concilium
558 2588 632 2662 hoc
661 2588 866 2687 plenarium
890 2612 1118 2681 convocare,
1142 2589 1248 2685 eique

158 2728 320 2800 praeossc
338 2703 466 2801 possit.

207 2817 451 2915 Proponcnte
469 2818 604 2891 codem
630 2815 782 2889 Revmo
801 2816 1118 2914 Archiepiscopo,
1137 2816 1248 2890 Sedis

158 2932 392 3029 Apostolicae
408 2933 611 3029 Delegato,
628 2943 830 3027 sequentes
846 2931 1040 3005 Ollrcialcs
1058 2932 1248 3005 nominan-

93 3056 97 3063 “
156 3059 228 3139 tur,
246 3045 362 3142 quiin
382 3045 563 3118 Sessione
581 3044 740 3118 solemni
757 3044 922 3118 crastino
941 3045 1000 3118 die
1023 3044 1211 3138 habenda,
1227 3069 1249 3116 a

156 3160 331 3234 Patribus
350 3159 545 3258 eligantur,
561 3183 712 3255 nempo:
822 3198 825 3203 ·

208 3273 471 3347 Promotoros:
506 3272 678 3346 Rovnus
710 3283 748 3344 ct
778 3271 909 3345 Illfflus
937 3271 1113 3346 Jonuuus
1141 3274 1249 3347 Josu·

158 3411 255 3461 rrius
290 3388 494 3479 Carnona,
527 3385 599 3482 Ep.
630 3385 809 3460 Natchot.
845 3398 883 3459 ct
917 3387 1030 3459 Adm.
1067 3386 1165 3460 Rev.
1201 3387 1246 3460 D.

158 3502 401 3575 Fanucrscus
427 3499 615 3592 Luomum,
642 3501 761 3597 Cong.
791 3501 831 3572 S.
861 3500 1024 3598 Sulpltii,
1049 3501 1133 3576 Vic.
1154 3503 1246 3577 Gen.

157 3608 452 3689 Baltimorensis.
716 3702 720 3709 ι

206 3731 403 3804 Notarius:
434 3729 530 3803 Rev.
560 3729 608 3802 D.
638 3729 854 3803 Euunnuus
889 3729 1117 3803 Luuovrcus
1145 3731 1248 3805 Dmr-

157 3869 300 3938 rnoux,
318 3847 358 3919 S.
378 3845 425 3919 T.
446 3845 494 3919 D.

208 3960 428 4034 Scerctarii:
455 3961 568 4033 Adm.
595 3958 693 4032 Rev.
715 3958 764 4033 D.
788 3959 996 4033 Paruulus
1021 3958 1070 4032 Ν.
1099 3960 1250 4054 Lvncu,

158 4072 199 4144 S.
219 4072 266 4146 T.
286 4074 350 4167 D,
366 4073 448 4148 Vic.
469 4074 563 4147 Gon.
585 4072 830 4169 Carolopolit.
847 4086 886 4146 ot
903 4072 1000 4146 Rev.
1020 4073 1067 4147 D.
1084 4074 1249 4148 Tnouas

156 4185 304 4260 Fouuv.
