2820 5010
152 388 223 459 128
434 408 646 460 corrormuu
672 408 963 460 snurmourrrsu

152 584 200 658 de
214 608 261 657 eo
275 583 445 682 privatim
460 585 662 681 loquantur
679 584 896 660 Promotori
913 598 1021 661 extra
1033 587 1244 688 Congrege-

151 697 306 792 tionem‚
323 699 398 795 qui,
415 699 447 773 si
464 701 628 797 placeat,
643 700 682 773 id
700 712 887 798 proponet
904 701 1043 776 usitato
1061 703 1188 777 modo.

201 814 352 888 Deinde
370 815 471 888 lecta
484 827 572 888 sunt
586 839 670 911 quae
685 815 838 911 privatae
851 814 1140 915 Theologorum
1154 818 1248 891 Con·

153 928 392 1027 gregationes
415 930 622 1003 retulerant
639 930 688 1004 de
707 928 974 1026 quaestionibus
995 931 1166 1028 ipsorum
1182 931 1249 1005 dis

152 1042 320 1117 cussioni
344 1042 503 1137 traditis,
524 1055 563 1117 et
584 1043 871 1142 Theologorum
898 1044 946 1117 de
971 1044 1030 1118 his
1055 1044 1250 1120 sententie

153 1159 200 1232 ob
218 1157 331 1234 luno
349 1182 396 1234 oo
412 1158 567 1234 Revffro
585 1159 889 1257 Archiepiscopo
905 1173 1049 1259 rogatae
1066 1173 1166 1235 sunt.

335 1430 532 1492 SECUNDA
554 1430 853 1494 CONGREGATIO
875 1431 1069 1495 PRIVATA.

200 1612 280 1686 Dru
309 1616 354 1685 18
380 1611 534 1710 Aprilis,
559 1610 687 1687 habite
710 1623 769 1686 est
796 1613 968 1687 secundo
992 1614 1250 1716 congregatio

101 1714 104 1723 ¹
152 1725 296 1824 private
313 1727 449 1800 eodem
466 1725 553 1800 loco
572 1738 611 1800 et
627 1726 719 1800 hort
736 1725 870 1823 quibus
888 1727 1017 1824 primo.

201 1839 392 1915 Recitotae
416 1851 504 1914 sunt
529 1851 733 1937 sequentes
761 1840 895 1914 litterae
919 1866 1013 1937 ques
1043 1842 1180 1918 Illr‘nus
1204 1867 1250 1918 uc

151 1952 324 2028 Rerffius
343 1954 392 2027 D.
411 1953 536 2048 Rusu,
552 1954 770 2052 Episcopus
788 1955 1056 2050 Detroitonsis‚
1072 1956 1251 2033 Patribus

152 2068 300 2166 Synodi
317 2068 564 2144 Provincialis
581 2069 697 2144 misit:

151 2267 506 2342 “Reverendissimi
523 2268 659 2371 Patres
677 2269 715 2343 in
734 2269 894 2367 Synodo
915 2269 1145 2345 Provinciuli
1169 2271 1253 2347 Bai

463 2383 689 2459 “timorensi
706 2383 940 2484 congregati,

201 2526 360 2601 “AEcno
375 2527 527 2624 quidem
545 2527 670 2602 animo
688 2529 1032 2623 consecrationem,
1044 2554 1198 2605 necnon
1214 2543 1264 2605 et·

151 2640 471 2739 “Episcopatum,
487 2641 542 2716 uti
570 2653 734 2735 constat,
759 2643 933 2741 suscepi3
964 2656 1003 2719 et
1032 2669 1074 2718 re
1100 2645 1253 2742 quidem

151 2758 280 2850 “vord,
295 2757 398 2830 brevi
423 2767 608 2853 tempore,
625 2757 853 2855 experientiis
875 2757 956 2855 ipse
981 2758 1073 2832 satis
1091 2761 1254 2858 cognovi

151 2871 413 2944 “erectionem
443 2896 550 2944 novae
579 2870 806 2944 Dioeceseos
834 2873 990 2971 ejusque
1019 2874 1253 2949 administra·

151 2987 336 3079 “tionem,
359 2985 611 3082 plurimusque
638 2985 878 3076 difficultates
905 2999 944 3060 et
968 2974 1167 3062 molestias>
1191 3014 1253 3063 un-

152 3100 295 3197 “dique
313 3111 567 3196 erumpentes,
584 3124 670 3172 esse
697 3100 845 3196 pondus
870 3101 976 3175 valde
1002 3102 1112 3175 nimis
1139 3128 1253 3202 supro

152 3214 360 3288 “humeros
378 3239 498 3308 meos,
515 3213 677 3309 ideoque
696 3212 830 3310 saepiirs
854 3215 893 3288 in
916 3228 1043 3289 mente
1064 3217 1149 3289 mezi
1166 3243 1253 3292 con·

152 3327 285 3401 “stitui
314 3327 522 3401 Dioecesim
556 3351 680 3402 meam
711 3327 748 3401 in
777 3352 912 3402 manus
944 3329 1185 3404 Sanctissimi
1215 3344 1252 3404 et

152 3441 331 3515 “Summi
355 3440 552 3515 Pontificis
578 3441 698 3516 nostri
722 3442 928 3540 resignare,
945 3445 1003 3517 vel
1024 3446 1160 3518 saltem
1179 3446 1252 3520 Co·

152 3556 394 3654 “adjutorem
411 3554 588 3629 idoneum
606 3555 627 3629 {a
645 3555 686 3628 S.
708 3556 813 3630 Sede
831 3568 971 3653 petere.
1015 3558 1106 3633 Hoc
1126 3571 1252 3634 autem

152 3669 221 3743 “in
239 3667 521 3768 praesentiamm
547 3669 762 3744 executioni
781 3672 962 3746 mandere
981 3672 1107 3769 cupio,
1124 3686 1164 3748 et
1180 3675 1252 3749 hoc

152 3784 232 3858 “de
246 3783 361 3858 causi
375 3782 471 3855 duos
480 3782 560 3879 jam
572 3783 745 3859 Vicarios
760 3784 983 3879 Genernles,
994 3787 1141 3862 scilicet
1153 3787 1250 3863 Rev.

152 3897 272 3971 “DD.
291 3896 419 3971 Bnnm
442 3907 481 3969 et
497 3896 560 3970 Du
587 3897 727 3972 Bnuru
746 3900 937 3994 constitui,
954 3914 995 3975 ut
1021 3902 1253 4001 conjunctim

153 4009 478 4111 “jurisdictionem
508 4011 546 4084 in
576 4012 744 4086 absentiat
773 4016 857 4087 mezi
886 4029 1103 4109 exerceant,
1129 4019 1253 4094 donec

153 4134 175 4172 “
183 4125 290 4200 aliter
304 4137 498 4200 statuatur.
543 4126 640 4200 Haec
656 4140 755 4221 sunt,
766 4128 1090 4204 Reverendissimi
1103 4130 1255 4227 Patres,

153 4247 176 4286 “
185 4265 269 4338 quae
283 4239 386 4313 vobis
403 4241 649 4347 proponenda
660 4242 841 4339 judicavi,
851 4256 890 4317 et
904 4269 1039 4342 precor
1052 4256 1094 4319 ut
1108 4246 1254 4321 veniam

154 4355 273 4430 “mihi
294 4355 507 4430 concedere
534 4354 735 4454 dignemini
757 4357 790 4429 si
808 4358 1076 4456 Syn0d0·huio
1099 4359 1253 4436 Provin-
