2820 5010
539 426 791 479 rrovrncrsna
819 428 872 479 ιιι.
1187 409 1258 481 129

155 602 271 679 “ciali
287 603 425 678 adesse
441 626 520 678 uon
537 602 694 701 possim,
711 616 750 678 et
767 605 952 703 adjuvetis
971 616 1013 680 ut
1029 606 1179 681 felicem
1197 631 1258 681 ex·

155 717 277 792 “itum
295 716 568 793 desideriorum
584 742 756 793 meorum
773 719 958 817 consequi
974 743 1135 814 merear,
1145 720 1177 794 si
1193 722 1258 795 bo·

156 837 275 907 “num
291 830 330 906 in
347 831 515 906 Domino
533 831 727 907 videbitur.

202 945 443 1040 “Baltimori,
459 970 508 1020 ex
524 945 668 1021 {edibus
686 946 889 1022 Seminarii
907 947 948 1021 S.
967 948 1115 1044 Mariae,
1129 949 1190 1024 die
1211 954 1257 1023 15

155 1059 327 1159 “Aprilis
347 1063 454 1134 1837.

282 1177 333 1267 “†
350 1174 603 1249 Fasnrnrcus
620 1174 745 1270 Rasa,
762 1176 892 1276 Epire.
911 1175 1208 1251 Detroitensis.”

204 1401 337 1477 Lectis
354 1401 482 1501 itaque
499 1401 612 1500 supri
624 1403 842 1478 memoratis
860 1403 1005 1498 litteris,
1018 1405 1160 1502 placuit
1177 1429 1257 1504 pre·

152 1541 221 1592 ces
243 1516 406 1592 Summo
430 1515 609 1591 Pontifici
625 1517 818 1618 porrigere
835 1529 878 1592 ut
899 1517 1073 1616 dignetur
1093 1518 1257 1617 resigna-

150 1631 297 1707 tionem
321 1628 464 1716 Revflii
488 1629 537 1705 Ι).
563 1630 674 1705 Rnsn
698 1643 913 1730 acceptare.
965 1631 1117 1707 Placuit
1142 1632 1256 1708 etiam

153 1744 358 1821 Summum
370 1744 600 1821 Pontificem
613 1745 832 1844 suppliciter
844 1770 979 1845 rogare
993 1758 1047 1840 ut,
1059 1748 1259 1846 acceptati

153 1861 327 1960 ejusdem
344 1858 528 1959 Episcopi
545 1859 813 1959 resignatione,
826 1859 1062 1959 Episcopum
1075 1861 1138 1958 qui
1155 1860 1258 1937 Die

151 1976 272 2052 cesim
289 1975 575 2051 Detroitensem
592 1988 713 2076 regat,
730 1977 930 2076 designare
948 1977 1132 2077 dignetur.

340 2260 538 2322 SECUNDA
560 2258 858 2326 conoREeA‘rro
880 2260 1068 2320 PUBLICA.

202 2441 282 2516 Drn
312 2445 357 2514 18
384 2439 538 2539 Aprilis,
562 2439 691 2513 habita
716 2451 776 2513 est
802 2440 972 2514 secunda
998 2440 1256 2541 Congregatio

154 2553 317 2652 publica,
334 2554 470 2628 eodem
488 2554 577 2628 ioco
596 2564 635 2626 et
652 2551 744 2626 bord
760 2551 894 2650 quibus
913 2553 1041 2650 prima.

203 2670 378 2747 Aderant
387 2669 489 2743 luni
500 2693 547 2743 ac
559 2667 699 2742 Revni
710 2666 861 2762 Patres,
872 2666 1068 2742 Officiales
1081 2680 1120 2741 et
1131 2667 1258 2742 Theo·

154 2782 229 2883 logi
250 2783 314 2883 qui
339 2783 432 2878 beri,
449 2794 489 2859 et
511 2783 666 2882 insuper
690 2782 788 2857 Rev.
813 2783 863 2857 I).
881 2783 909 2856 J
912 2806 1059 2857 ornnes
1085 2782 1259 2875 Hrcnnr,

156 2897 339 2996 Superior
355 2896 575 2972 Puellarum
593 2896 773 2971 Caritatis
791 2896 1091 2996 Emmittsburgi.

202 3010 406 3087 Discussio
436 3011 687 3110 questionum
717 3010 754 3085 in
789 3010 940 3109 privatis
971 3010 1257 3110 Theologorum

156 3124 526 3227 Congregationibus
545 3148 797 3222 expensarum
814 3123 1035 3197 continuata
1052 3136 1121 3197 est.

358 3383 512 3446 TERTIA
537 3381 837 3444 CONGREGATIO
859 3381 1052 3441 PRIVATA.

204 3579 282 3655 Dru
305 3582 351 3652 19
369 3577 524 3676 Aprilis,
544 3577 672 3651 habita
696 3589 754 3650 est
778 3575 890 3649 tertia
907 3576 1166 3675 congregatio
1191 3579 1260 3675 pri-

156 3707 244 3768 vata
260 3694 399 3769 eodem
415 3693 504 3767 loco
522 3703 561 3766 et
578 3692 670 3766 bord
687 3690 821 3787 quibus
840 3690 968 3789 prima.

204 3806 357 3883 Placuit
381 3805 559 3882 Patribus
581 3807 631 3879 ad
655 3804 892 3903 expedienda
910 3804 1072 3881 Concilii
1094 3806 1261 3903 negotia,

153 3922 193 3997 in
210 3921 364 4020 privatis
383 3920 754 4021 congregationibus
772 3921 819 3994 ab
838 3919 929 3993 bord
946 3919 1063 4017 primi
1079 3919 1123 3992 P.
1138 3919 1194 3992 Μ.
1210 3921 1259 3995 ad

155 4036 289 4111 boram
313 4038 536 4130 secundam,
553 4036 601 4109 de
627 4033 792 4108 Sedibus
810 4033 917 4107 novis
936 4032 1137 4131 erigendis,
1154 4046 1192 4107 et
1211 4035 1258 4108 de

155 4151 470 4226 commendandis
498 4148 773 4224 Sacerdotibus
800 4147 848 4220 ad
875 4145 1151 4245 Episcopatum
1177 4172 1259 4221 eve-

155 4265 303 4359 bendis,
320 4265 476 4367 singulis
495 4265 627 4340 diebus
645 4261 834 4364 agendum
853 4285 950 4335 esse.

205 4380 358 4457 Deinde
376 4381 453 4457 lata
470 4393 559 4456 sunt
576 4380 733 4454 decreta
753 4384 786 4471 l,
802 4381 840 4470 ⁶2,
857 4379 880 4450 3
898 4388 937 4451 et
952 4380 987 4449 4.

308 4498 354 4570 17
