2820 5010
538 425 792 478 raovrncrans
819 425 867 476 iv.
1182 406 1254 479 173

152 626 201 679 ne
218 603 345 678 emant
368 601 604 678 Sacerdotes
627 625 745 700 penes
764 625 807 675 se
829 601 992 677 retinere
1009 627 1081 677 suo
1102 604 1255 679 nomine

152 720 272 818 quaed
289 719 484 795 Fidelibus
497 718 535 793 in
549 719 722 818 publicos
736 729 775 793 et
789 717 1073 793 ecclesiasticos
1086 743 1178 794 usus
1192 721 1257 796 do

152 847 245 910 nata
260 845 363 929 sunt,
379 858 587 932 eorumque
604 833 693 907 fidei
710 832 924 907 commissa.

203 948 275 1024 IX.
302 949 627 1024 Commendamus
639 945 843 1046 Episcopis
855 947 968 1021 libros
982 947 1259 1047 habereinqui-

153 1064 226 1140 bus
249 1063 428 1141 accurate
452 1073 725 1138 recenseantur
748 1061 1017 1156 ordinationes,
1033 1063 1259 1138 clericorum

154 1202 203 1254 ex
220 1178 302 1254 aliis
320 1177 547 1253 dioecesibus
571 1177 610 1252 in
633 1201 723 1251 suas
741 1175 1018 1274 cooptationes,
1036 1176 1261 1277 designatio

154 1316 225 1368 nes
246 1305 456 1393 pastorum,
471 1292 568 1368 tituli
589 1291 851 1384 ecclesiarum,
866 1291 1015 1390 aliaque
1032 1292 1262 1392 omniaque

155 1408 205 1483 ad
222 1420 365 1483 statum
384 1406 688 1482 ecclesiasticum
705 1405 921 1504 respiciunt.

204 1520 255 1596 Χ.
281 1521 479 1598 Admonet
503 1520 684 1618 Synodus
709 1519 871 1596 clericos
895 1542 1028 1594 omnes
1053 1520 1092 1596 in
1117 1533 1260 1596 sortem

155 1635 313 1712 Domini
328 1647 502 1730 vocatos,
518 1647 560 1712 ut
582 1660 733 1734 semper
749 1659 938 1711 memores
962 1635 1038 1710 sint
1059 1636 1150 1711 nihii
1173 1662 1260 1713 esse

156 1750 260 1850 quod
278 1751 373 1826 alios
389 1750 512 1850 magis
530 1749 581 1823 ad
603 1749 783 1847 pietatem
800 1761 840 1824 et
856 1749 933 1824 Dei
949 1749 1092 1827 cultum
1108 1752 1259 1829 assidue

155 1864 330 1962 instruat,
341 1865 453 1964 quim
471 1890 604 1940 eorum
617 1863 693 1940 vita
709 1876 748 1939 et
766 1865 979 1963 exemplum
993 1865 1058 1964 qui
1074 1891 1117 1941 se
1135 1867 1260 1943 diemo

155 1979 363 2057 ministerio
382 1979 617 2056 dedicarunt
669 1977 768 2054 Cirm
786 1977 886 2053 enirn
903 1976 925 2052 a
940 1979 1054 2054 rebus
1071 1982 1201 2056 saeculi
1223 1982 1262 2059 in

157 2094 330 2170 altiorem
344 2094 481 2171 sublati
497 2093 625 2169 locum
639 2091 933 2190 conspiciantur,
945 2091 985 2167 in
1001 2115 1069 2168 eos
1083 2096 1260 2193 tanqudm

157 2208 194 2284 in
217 2210 416 2309 speculum
440 2208 574 2306 reliqui
597 2209 730 2283 oculos
752 2206 970 2306 conjiciunt,
987 2233 1035 2283 ex
1059 2209 1180 2309 iisque
1203 2238 1262 2288 su-

157 2336 265 2401 munt
278 2324 381 2423 quod
394 2324 595 2399 imitentur.
632 2322 878 2421 Quapropter
889 2322 944 2398 sic
958 2324 1138 2400 studeant
1148 2326 1262 2403 vitam

157 2463 361 2537 moresque
384 2463 476 2513 suos
497 2461 632 2512 omnes
656 2461 900 2534 componere,
917 2448 958 2512 ut
981 2437 1123 2534 habitu,
1140 2453 1264 2539 gestu,

158 2552 325 2649 incessu,
347 2577 537 2647 sermone,
554 2551 710 2649 aliisque
735 2551 907 2627 omnibus
931 2552 1057 2647 rebus,
1078 2553 1169 2628 nihil
1190 2556 1262 2630 nisi

159 2691 286 2766 grave,
295 2667 534 2743 moderatum
548 2689 595 2741 ac
613 2664 793 2764 religione
811 2667 963 2764 plenum
981 2690 1058 2763 prae
1071 2691 1114 2741 se
1127 2667 1260 2744 serant.

161 2781 281 2857 Levia
308 2782 422 2857 etiam
450 2781 603 2874 delicta,
630 2804 714 2877 quae
742 2779 781 2853 in
810 2779 900 2877 ipsis
931 2780 1094 2854 maxirna
1120 2797 1263 2880 essent,

159 2895 352 2996 effugiant,
367 2908 410 2972 ut
431 2919 564 2971 eorum
580 2893 753 2969 actiones
771 2894 918 2969 cunctis
936 2893 1095 2969 afferant
1112 2921 1264 2974 venera-

158 3012 311 3087 tionem.
363 3010 729 3087 Abstineantiluxu
743 3022 781 3084 et
794 3011 931 3109 pompsi
944 3010 1263 3106 vestium,timun-

160 3127 344 3225 dunarum
369 3150 617 3226 personarum
643 3124 842 3218 societate,
864 3124 886 3199 ὲ
909 3126 1264 3226 comessationibus,

160 3241 427 3339 potationibus,
452 3239 663 3337 illicitisque
691 3239 833 3313 lusibus
857 3250 896 3312 et
919 3238 1192 3337 venationibus,
1214 3268 1288 3321 ac.

160 3354 312 3432 demtim
329 3354 629 3453 quibuscumque
648 3353 820 3428 omnibus
838 3352 1004 3428 clericali
1021 3366 1123 3429 statu
1145 3355 1262 3458 indig-

160 3471 230 3565 nis,
246 3494 399 3546 necnon
424 3469 668 3544 saecularibus
691 3467 863 3567 negotiis.
917 3469 1017 3544 Cum
1044 3471 1261 3549 mulieribus

160 3585 300 3661 nullam
323 3583 638 3661 consuetudinem
664 3581 842 3676 habeant,
857 3607 982 3680 neque
1006 3582 1076 3659 sibi
1100 3584 1261 3664 famulas

160 3699 350 3799 accipiant
372 3700 432 3775 vel
457 3699 656 3792 retineant,
678 3697 751 3771 nisi
774 3697 859 3772 talis
883 3698 1004 3773 aetatis
1031 3711 1070 3775 et
1095 3705 1263 3799 probato

160 3814 317 3909 virtutis,
329 3815 378 3891 de
392 3813 526 3912 quibus
540 3812 642 3888 nulla
654 3811 776 3911 possit
792 3811 922 3887 haberi
934 3813 1110 3912 suspicio.
1146 3817 1262 3897 Fiant

159 3930 269 4031 igitur
279 3929 403 4004 forma
413 3927 538 4029 gregis
550 3952 598 4002 ex
608 3926 838 4020 anim03sint
849 3928 1062 4026 exemplum
1072 3929 1260 4010 Fidelium

160 4045 197 4122 in
221 4046 352 4139 verbo,
375 4044 413 4119 in
439 4042 742 4136 conversatione,
766 4041 805 4116 in
830 4042 1027 4139 charitate,
1049 4044 1200 4144 infide,
1222 4052 1260 4127 in

161 4160 356 4250 castitate,
381 4158 456 4232 sint
482 4155 608 4249 sobrii,
630 4155 848 4253 prudentes,
868 4156 1002 4252 ornati,
1024 4159 1163 4257 pudici,
1183 4190 1262 4240 mo-

160 4274 277 4367 desti,
305 4273 634 4349 conversationem
659 4296 768 4346 suam
792 4272 891 4347 inter
915 4285 1047 4371 gentes
1075 4274 1259 4358 habentes

160 4393 313 4486 bonam,
324 4401 367 4466 nt
382 4388 478 4466 bend
492 4385 676 4466 facientes
690 4388 956 4465 obmutescere
968 4386 1109 4467 faciant
1124 4391 1259 4494 impru-
