2820 5010
480 450 484 459 .
579 413 831 463 rnovrncrnsa
859 414 882 463 1.
946 426 949 431 ·
1207 394 1256 464 43

154 586 305 663 Praelati
331 590 369 664 in
395 589 653 665 Secretarium
678 589 917 684 recedentes,
938 589 1135 665 decretum
1158 593 1182 662 9
1206 590 1254 664 de

130 701 435 809 'Scripturarum
469 703 667 779 Duacensi
697 704 871 778 versione
900 704 1077 780 accurat&
1109 705 1257 780 edendi

152 817 330 893 tulerunt.

152 989 153 992 ,
202 933 250 1007 In
273 934 346 1010 hac
366 935 672 1034 Congregatione
691 946 874 1009 statutum
892 960 1042 1032 quoque
1060 947 1120 1009 est
1146 934 1256 1033 Epis-

152 1048 269 1122 tolam
287 1047 526 1125 Pastoralem
544 1052 591 1125 ab
605 1050 909 1148 Archiepiscopo
926 1062 965 1123 ot
982 1048 1154 1124 Praelotis
1172 1051 1256 1125 suls

153 1163 346 1262 scriptam,
373 1165 500 1239 statim
530 1178 618 1264 post
648 1164 810 1240 Concilii
838 1164 953 1238 finem
979 1166 1028 1238 ad
1058 1165 1254 1239 universos

153 1278 308 1356 Fideles
321 1280 587 1357 inFoederatis
600 1280 810 1356 Provinciis
822 1280 1137 1383 conscribendam
1149 1304 1255 1373 esse;

153 1396 262 1494 cujus
280 1397 459 1494 parandae
476 1421 570 1472 cura
589 1395 743 1470 Revno
765 1394 962 1493 Episcopo
981 1394 1255 1493 Carolopolita-

152 1534 205 1583 no
223 1511 454 1586 demandata
470 1522 540 1586 est.
592 1510 730 1585 Eidem
744 1534 895 1607 quoque
913 1507 1079 1583 Praelato
1097 1522 1136 1583 et
1153 1508 1255 1584 Rev·

154 1632 218 1699 liro
245 1624 441 1725 Episcopo
466 1626 711 1702 Bostoniensi
734 1625 979 1701 commissum
996 1638 1055 1699 est
1078 1636 1120 1700 ut
1145 1624 1255 1699 ratio-

154 1765 241 1814 nem
259 1743 332 1839 qud
348 1741 486 1816 utiliter
510 1741 592 1816 libri
610 1741 800 1817 Catholici
825 1740 1060 1817 disseminari
1086 1753 1255 1837 possent,

154 1868 420 1953 proponerent.

362 2132 522 2207 QUINTA
544 2131 841 2195 CONGREGATIO
862 2131 1051 2193 PUBLICA.

202 2312 282 2386 Dur
300 2317 324 2387 8
343 2312 538 2407 Octobris,
555 2313 647 2386 hori
664 2325 799 2410 quarta
818 2312 863 2387 Ρ.
882 2311 937 2387 Μ.
958 2337 1025 2410 pro
1043 2314 1148 2387 more
1167 2336 1255 2386 con-

155 2439 338 2503 venerunt
350 2427 388 2502 in
403 2428 581 2504 Ecclesii
594 2428 816 2503 Cathedrali
832 2427 986 2502 Praelati
1000 2442 1039 2503 et
1052 2427 1253 2526 Theologi.

154 2542 320 2618 Lectum
338 2555 398 2617 est
416 2543 613 2618 decretum
627 2543 674 2617 de
692 2542 890 2617 Duacensi
907 2543 1088 2617 versione,
1140 2541 1255 2617 Dein·

155 2658 204 2732 de
230 2656 517 2757 Theologorum
543 2656 740 2731 sententiae
765 2657 813 2731 de
841 2657 1011 2732 Centrali
1041 2656 1254 2731 Seminario

152 2772 349 2871 erigendo,
374 2784 413 2846 et
441 2772 489 2846 de
514 2773 630 2846 modo
661 2796 737 2868 quo
767 2771 956 2846 Ecclesiae
984 2783 1121 2868 postea
1144 2771 1257 2844 aedifi·

155 2888 289 2961 candae
318 2886 442 2961 divino
473 2886 590 2961 cultui
619 2885 657 2960 in
687 2898 910 2985 perpetuum
940 2886 1257 2983 manciparentur,

155 3005 299 3100 absque
317 3001 561 3077 AEdituorum
579 3026 665 3099 ope,
682 3001 876 3099 exquisitae
893 3014 990 3076 sunt.

361 3277 522 3351 QUINTA
543 3276 840 3338 GONGREGATIO
861 3276 1053 3338 Palvarn.

204 3458 284 3532 Dur
308 3461 332 3530 9
351 3433 546 3551 Octolrris,
562 3457 654 3531 hori
676 3457 871 3550 consueti,
887 3468 975 3555 post
999 3456 1161 3531 Missam
1187 3482 1256 3555 pro

156 3569 359 3646 Dofirnctis
377 3572 425 3645 ab
443 3569 640 3668 Episcopo
658 3570 902 3645 Bostoniensi
919 3570 1184 3669 pontificaliter
1197 3597 1258 3647 ce·

155 3686 350 3780 lebratam,
366 3685 520 3760 Praelati
544 3686 583 3759 in
602 3686 859 3760 Secretarium
885 3688 1095 3761 recessere:
1122 3686 1257 3784 quibus

156 3801 340 3900 Episcopi
358 3800 691 3898 Carolopolitanus
710 3815 749 3874 et
769 3801 1033 3876 Bostoniensis
1051 3802 1258 3876 retulerunt

155 3900 239 4012 quae
263 3916 312 3990 de
336 3914 702 3989 disseminandorum
728 3915 905 3989 librorum
930 3915 1075 3989 ratione
1100 3915 1154 3988 eis
1179 3914 1258 3990 visa

155 4043 255 4123 sunt,
272 4031 392 4127 elque
410 4030 458 4103 de
477 4054 517 4103 re
536 4028 614 4104 lata
631 4041 719 4104 sunt
737 4030 893 4104 decreta
910 4032 958 4103 35
976 4040 1016 4103 et
1033 4032 1091 4102 36.

203 4144 302 4219 Post
325 4144 537 4219 Decretum
561 4145 636 4219 hoc
655 4148 716 4238 36,
734 4144 782 4219 de
802 4144 999 4219 Societate
1020 4143 1259 4238 instituenda,

158 4258 238 4335 hoec
256 4260 439 4357 adjuncta
456 4273 559 4333 sunt:
