2820 5010
152 380 199 453 58
435 399 646 451 conomius
672 398 960 451 ssarruonsusr

152 573 348 673 disciplina
372 573 394 647 a
417 574 486 672 piis
513 574 710 671 doctisque
735 575 996 651 sacerdotibus
1022 577 1250 675 gubernata,

151 712 287 763 novem
316 689 366 763 ad
398 714 599 786 puerorum
629 701 669 764 et
697 689 997 765 adolescentium
1024 689 1064 765 in
1097 688 1250 788 pietate,

151 801 260 876 bonis
282 802 422 876 artibus
447 816 486 877 et
509 802 674 877 scientiis
701 803 814 878 etiam
837 804 1029 879 altioribus
1054 803 1250 878 institutio

152 939 240 989 nem
270 916 443 1015 Collegia
477 918 546 991 sub
581 915 804 991 clericorum
837 917 1030 1016 regimine,
1059 916 1248 992 Catholici

152 1030 312 1105 nominis
327 1031 457 1124 decus,
468 1056 535 1129 per
552 1031 719 1107 diversas
737 1032 947 1129 provincias
961 1044 1109 1124 erecta3
1127 1056 1176 1106 ex
1193 1032 1247 1106 bis

153 1143 224 1218 tria
253 1143 514 1219 Universitatis
543 1146 694 1220 nomine
726 1157 765 1219 et
797 1146 995 1245 privilegiis
1025 1145 1046 1219 a
1075 1145 1247 1220 Comitiis

154 1258 390 1358 generalibus
417 1258 615 1351 decorata,
641 1282 834 1334 sacrarum
852 1258 1046 1358 Virginum
1063 1270 1248 1333 monaste

154 1372 210 1446 ria
227 1374 438 1470 domusque
463 1372 613 1471 triginta
635 1385 726 1466 tres,
743 1398 790 1449 ex
814 1373 968 1447 diversis
987 1372 1195 1448 Ordinibus
1212 1383 1248 1447 et

156 1486 522 1586 Congregationibus
546 1487 818 1580 Ursulinarum,
834 1487 1079 1580 visitationis,
1096 1489 1249 1563 Carme

155 1601 316 1695 litarnm,
343 1601 418 1675 SS.
446 1601 597 1694 Cordis,
618 1602 803 1676 Sororum
829 1601 1046 1695 Charitatis,
1068 1601 1248 1676 Lauretu-

154 1741 300 1810 narum,
318 1726 405 1809 etc,
421 1714 562 1812 passim
585 1740 652 1813 per
677 1714 878 1790 Dioeceses
903 1729 1052 1791 nostras
1075 1716 1248 1807 fundata,

156 1830 256 1905 unde
281 1854 358 1904 non
382 1828 502 1903 solbm
521 1829 762 1905 consiliorum
787 1829 1104 1928 Evangelicorum
1127 1832 1249 1905 obser·

156 1945 289 2037 vanua,
313 1944 544 2039 aliarumque
570 1944 744 2019 virtutum
770 1943 935 2018 omnium
965 1945 1158 2036 exercitio,
1182 1943 1248 2018 sed

157 2070 195 2132 et
212 2058 420 2157 puellarum
437 2057 713 2132 innumerarum
736 2057 796 2155 pis
820 2057 1063 2151 institutione,
1079 2057 1249 2134 “Christi

155 2175 278 2249 bonus
304 2174 399 2248 odor
407 2172 430 2210 ’⁹
455 2173 705 2270 undequaque
732 2172 961 2248 diffunditur:
990 2174 1249 2273 religiosorum

158 2288 345 2364 Ordinum
362 2288 659 2363 Praedicatorum
673 2301 711 2361 et
725 2288 931 2364 Societatis
942 2289 969 2362 J
971 2314 1053 2383 esu,
1065 2290 1250 2365 Sacerdo

156 2414 237 2478 tum
255 2402 490 2478 esculanum
508 2403 823 2502 Congregationis
840 2403 1034 2478 Missionis
1052 2417 1091 2479 et
1109 2406 1151 2479 S.
1169 2404 1251 2479 Sul·

158 2518 236 2617 pitii
253 2519 387 2593 domus
401 2516 601 2609 nonnullae,
614 2540 662 2591 ex
675 2516 1042 2613 quibus-sacerdotes
1055 2519 1105 2593 ad
1122 2541 1251 2593 sacras

156 2634 370 2726 missiones,
386 2631 499 2708 veluti
517 2657 564 2707 ex
582 2645 713 2707 centro
730 2632 837 2725 radii,
853 2633 1085 2708 emittuntur:
1110 2634 1252 2709 schola

157 2774 234 2825 non
257 2772 402 2847 pauca,
418 2746 481 2822 ubi
498 2770 684 2844 pauperes
707 2745 900 2843 utriusque
918 2746 1030 2822 sexus
1054 2746 1171 2845 gratis
1189 2747 1252 2821 do

157 2876 306 2940 centur:
333 2860 545 2959 hospitalia,
561 2859 624 2935 ubi
649 2860 863 2958 regionibus
890 2860 970 2934 istis
996 2860 1096 2958 prius
1123 2860 1253 2960 ignota

158 2976 383 3054 Christiana
412 2974 604 3051 charitatis
634 2973 807 3072 exempla
834 2974 856 3047 a
884 2973 1090 3073 Religiosis
1119 2975 1251 3073 puellis

157 3090 334 3190 quotidie,
346 3089 509 3164 maximo
527 3088 733 3162 animarum
748 3100 787 3162 et
803 3087 1014 3186 Religionis
1032 3089 1152 3181 lucro,
1164 3113 1253 3188 pra»

157 3209 301 3282 bentur.
353 3203 428 3295 En,
444 3204 678 3277 Basrrssmr.
702 3201 847 3295 Parsa,
864 3227 948 3298 quae
968 3202 1076 3276 nobis
1094 3202 1254 3277 contulit

157 3321 280 3413 Deus,
304 3317 434 3417 paucis
461 3318 509 3390 ab
538 3316 624 3391 binc
651 3316 771 3409 annis,
795 3315 953 3415 insignia
977 3316 1177 3392 beneficia:
1208 3341 1255 3393 ea

158 3432 268 3533 porrb
286 3432 308 3506 {a
324 3432 590 3506 Basrrruorus
609 3454 752 3504 vassus
772 3429 810 3504 in
831 3429 1112 3528 praesentiarum
1130 3432 1255 3507 occul·

158 3563 239 3624 tare
256 3546 314 3621 fas
332 3543 479 3620 minime
497 3543 639 3618 fuisset.

209 3663 284 3737 Ast
313 3661 409 3735 inter
439 3670 496 3733 tot
525 3657 651 3757 gaudii
673 3659 797 3756 justas
826 3682 976 3750 causas,
1002 3682 1079 3733 non
1107 3660 1257 3753 desunt,

159 3779 293 3854 Psrsn
317 3774 586 3864 Sancrrssrus,
603 3772 726 3847 luctds
745 3785 784 3847 et
801 3773 941 3848 doloris
965 3774 1067 3848 haud
1090 3787 1256 3850 contem·

159 3892 285 3968 nenda
301 3888 449 3963 motiva.
500 3885 743 3961 AEdituorum
767 3887 950 3984 aliquibus
974 3888 1012 3962 in
1037 3888 1132 3963 locis
1154 3915 1257 3965 usur·

159 4018 250 4106 pata
273 4004 312 4077 in
337 4000 536 4077 Ecclesiae
563 4013 752 4098 potestas,
778 4002 934 4100 exiguus
959 4003 1202 4077 sacerdotum
1219 4014 1259 4077 et

161 4117 415 4218 operariorum
434 4140 624 4208 numerus,
633 4115 855 4190 Dioecesum
869 4128 1081 4190 nostrarum
1095 4117 1259 4191 necessi-

159 4234 298 4310 tatibus
320 4230 470 4306 omninb
492 4230 629 4329 impar,
656 4231 799 4305 clamor
825 4230 982 4327 proinde
1007 4233 1260 4328 parvulorum,

160 4351 223 4451 qui
241 4348 342 4425 verbi
359 4347 433 4424 Dei
451 4371 587 4445 panem
605 4357 750 4444 petunt,
763 4345 927 4420 animum
944 4359 1129 4441 nostrum,
1146 4348 1259 4424 veluti
