2820 5010
550 436 801 488 raovrncmua
829 439 868 488 11.
1186 415 1257 487 103

151 612 217 687 Ne
230 622 359 687 autem
372 611 569 712 contingat
587 613 731 688 Sedem
745 612 908 710 aliquam
922 637 1058 688 vacare
1074 615 1162 688 dum
1180 614 1258 688 nul-

152 727 191 801 la
203 727 331 802 sutura
343 738 403 801 est
420 728 532 826 copia
548 727 714 826 proxime
733 728 896 802 habendi
910 728 1083 823 Concilii,
1096 730 1259 803 suadent
1313 768 1314 772 ¹

156 841 294 918 Patres
313 844 467 942 singulis
489 843 694 942 Episcopis
711 855 754 917 ut
770 843 922 917 nomina
939 844 1050 918 trium
1068 869 1163 941 quos
1181 843 1259 918 ido-

155 982 251 1033 neos
271 958 447 1056 judicent
469 959 625 1033 dioecesi
650 959 839 1057 regendae,
856 958 997 1057 scripto
1015 959 1196 1032 mandata
1220 958 1258 1032 in

156 1072 303 1147 scriniis
322 1071 399 1146 suis
418 1085 582 1168 servent,
598 1054 843 1170 chartamque
861 1072 1026 1146 habeant
1044 1073 1163 1171 sigillo
1182 1098 1260 1147 mu·

155 1185 465 1281 nitum,exterii1s
480 1188 592 1261 etiam
607 1186 659 1261 ita
671 1189 759 1260 notri
772 1187 1021 1285 obsignatam,
1032 1198 1073 1260 ut
1085 1186 1259 1262 Vicarius

160 1300 359 1375 Generalis
386 1325 485 1395 eam,
506 1302 596 1399 ipsis
622 1301 823 1394 defunctiS,
843 1301 1096 1375 transmittere
1122 1302 1261 1398 possit,

159 1416 376 1514 duplexque
391 1416 505 1490 etiam
518 1416 689 1515 ejusdem
703 1415 915 1513 exemplum
933 1415 1161 1510 babendum,
1172 1441 1261 1514 quo·

159 1554 243 1605 rum
264 1554 381 1604 unum
403 1530 452 1604 ad
476 1530 830 1630 Arcbicpiscopum,
850 1529 1009 1603 alterum
1030 1531 1079 1604 ad
1103 1530 1262 1627 Episco-

162 1668 251 1742 pum
286 1643 603 1743 propinquiorem,
633 1644 691 1718 vel
725 1644 774 1717 ad
809 1643 999 1717 seniorem
1032 1662 1098 1718 ex·
1115 1645 1262 1719 duobus

161 1758 366 1858 Episcopis
397 1760 614 1858 propinquis
645 1759 822 1832 mittatur.
876 1758 1028 1833 Scribat
1057 1770 1183 1834 autem
1212 1762 1262 1835 ad

158 1871 503 1972 Arcbicpiscopum
514 1872 732 1970 Episcopus
744 1872 999 1971 propinquior,
1009 1898 1173 1971 suasque
1188 1875 1263 1949 ani-

161 1987 446 2063 madversiones
464 1987 631 2086 adjiciet:
657 1988 788 2061 litteris
807 2000 933 2061 autem
958 1989 1053 2063 illius
1080 1990 1263 2089 Episcopi

159 2102 343 2200 acceptis,
356 2102 427 2195 vel,
440 2102 472 2175 si
489 2101 697 2200 neglexerit
715 2102 893 2195 scribere,
905 2101 1114 2177 rationabili
1132 2105 1263 2203 elapso

159 2230 345 2315 tempore,
362 2216 503 2291 scribet
526 2216 851 2314 Arcbicpiscopus
869 2218 920 2291 ad
946 2241 1078 2291 omnes
1105 2218 1265 2317 Episco-

160 2356 245 2429 pos,
261 2355 311 2404 ne
327 2330 593 2428 propinquiore
612 2331 764 2428 quidem
787 2331 851 2403 illo
874 2330 1070 2429 Episcopo
1089 2343 1264 2433 excepto,

161 2457 201 2520 et
218 2444 375 2519 uomina
392 2445 455 2518 illa
472 2470 559 2520 cum
578 2445 655 2519 suis
674 2444 1057 2520 animadversionibus
1079 2450 1265 2523 transmit-

164 2570 233 2653 tet,
258 2559 416 2633 aliorum
445 2560 559 2633 etiam
589 2559 800 2632 nominibus
831 2559 1003 2657 adjectis,
1027 2560 1059 2633 si
1088 2561 1137 2634 illi
1168 2588 1263 2659 quos

164 2673 384 2772 Episcopus
414 2685 502 2747 ante
533 2673 675 2747 obitum
711 2671 920 2771 designavit
950 2674 1265 2772 Arcbicpiscopo,

163 2786 235 2885 ipsi
260 2787 362 2860 baud
387 2787 515 2861 idonei
539 2787 744 2860 videantur.
796 2786 893 2860 Post
911 2799 1090 2885 acceptas
1109 2789 1265 2863 Archie·

166 2901 312 3000 piseopi
329 2901 485 2996 litteras,
502 2916 634 2975 omnes
658 2900 842 2998 Episcopi
860 2901 908 2974 ad
934 2902 975 2974 S.
995 2902 1266 3001 Congregatio-

166 3040 254 3090 uem
280 3014 459 3110 scribent,
476 3040 565 3089 suas
584 3016 790 3088 sententias
817 3026 855 3088 et
881 3015 1057 3112 suffragia
1074 3016 1122 3089 de
1148 3018 1266 3091 tribus

168 3130 251 3225 illis,
268 3132 327 3206 vel
349 3155 417 3206 sex
434 3131 482 3204 ad
505 3154 706 3223 summum,
723 3128 937 3227 exposituri.
989 3128 1162 3205 Vacante
1181 3130 1267 3204 verb

170 3245 274 3320 Sede
298 3244 602 3342 Metropolitami,
619 3244 750 3317 litterae
768 3242 907 3316 Vicarii
925 3243 1122 3317 Generalis
1140 3247 1188 3319 ad
1211 3271 1267 3319 se-

168 3359 313 3434 niorem
331 3360 621 3458 suffraganeum
634 3360 837 3457 dirigendae
854 3371 954 3451 sunt,
968 3359 1029 3454 qui
1048 3361 1096 3433 ad
1115 3371 1265 3436 ceteros

169 3473 397 3574 Episcopos,
410 3488 521 3573 prout
534 3475 657 3571 supra,
670 3474 818 3548 scribet.
872 3472 988 3555 Quod
1002 3473 1034 3546 si
1047 3474 1147 3548 nulla
1161 3477 1266 3550 cbar-

170 3600 208 3662 tu
224 3589 381 3663 nomina
403 3588 466 3662 illa
491 3590 634 3663 babens
658 3589 695 3660 in
717 3587 861 3661 scriniis
880 3588 1047 3662 defuncti
1072 3588 1268 3688 Episcopi,

170 3703 226 3777 vel
253 3703 343 3776 aliis
368 3704 588 3801 reperiatur,
610 3703 783 3777 Vicarius
810 3702 1007 3777 Generalis
1033 3692 1267 3802 Episcopum

170 3818 484 3915 propinquiorem,
496 3820 554 3893 vel
569 3817 754 3892 seniorem
767 3843 813 3891 ex
826 3818 972 3892 duobus
984 3818 1213 3915 propinquiS,
1225 3823 1268 3895 eri
1361 3826 1364 3833 ’

171 3933 217 4007 de
234 3957 276 4007 re
295 3934 421 4008 statim
439 3934 618 4026 monebit,
635 3945 676 4006 ut
702 3933 917 4030 Episcopus
943 3933 1002 4007 ille
1027 3934 1268 4032 propinquior

170 4048 239 4122 tria
264 4060 451 4146 proponat
476 4049 629 4122 nomina
654 4048 734 4145 pari
759 4047 903 4120 ratione
929 4049 979 4122 ad
1002 4047 1269 4146 Arcbicpisco-

172 4186 259 4259 pum
278 4177 317 4237 et
335 4163 551 4261 Episcopus
567 4177 729 4256 ceteroS,
742 4174 781 4235 et
798 4163 846 4235 ad
866 4162 906 4234 S.
924 4162 1268 4260 congregationem

172 4278 469 4352 transmittenda.
524 4277 692 4359 Quodsi
716 4275 922 4375 neglexerit
947 4274 1163 4373 Episcopus
1188 4303 1269 4374 pro·

174 4392 342 4491 pinquior
359 4392 457 4467 intra
472 4404 622 4489 tompus
639 4390 858 4466 rationabile
876 4390 947 4465 tria
962 4390 1116 4465 nomina
1136 4415 1270 4489 propo·
