2820 5010
558 438 811 491 raovmcmcu
839 441 861 491 1.
1211 419 1261 494 ta

157 607 249 686 Hac
262 623 392 687 autern
409 613 665 690 declaratione
681 615 773 691 nihil
789 615 968 691 innovare
985 616 1261 715 volumusque

157 725 208 799 ad
225 724 309 801 illos
326 726 390 824 qui
406 727 648 805 Parochialia
661 730 873 804 obtinerent
889 731 1087 825 beneficia,
1099 755 1259 829 quorum

158 864 275 914 unum
291 841 451 936 tantum,
467 843 611 918 scilicet
632 844 670 918 in
688 844 838 919 civitate
862 843 1116 920 NeoAureliri
1133 846 1258 921 adhuc

156 955 328 1031 noscitur
339 957 378 1031 in
392 957 498 1033 hisce
510 958 725 1056 provinciis:
743 984 867 1056 neque
878 958 1061 1036 adlatenirs
1073 961 1258 1060 derogare

154 1069 383 1148 intendimus
417 1072 617 1175 privilegiis
646 1100 730 1172 quae
759 1074 965 1174 Religiosis
995 1074 1133 1149 suerint
1161 1075 1183 1149 a
1212 1075 1255 1153 S.

159 1184 266 1261 Sede
283 1211 482 1262 concessa.

207 1299 258 1375 Π.
286 1301 499 1377 Statuimus
523 1314 563 1378 et
586 1303 824 1378 declaramus
842 1303 1046 1401 quemlibet
1070 1302 1258 1378 Sacerdo
1344 1352 1350 1363 ,

157 1426 237 1489 tem
262 1415 325 1514 qui
355 1440 424 1514 pro
449 1419 685 1515 quicumque
713 1417 824 1515 hujus
852 1416 1062 1493 Provinciae
1085 1417 1257 1493 Dioecesi

158 1529 352 1605 ordinatus
365 1531 489 1626 fuerit,
500 1532 621 1606 teneri
633 1531 668 1606 vi
686 1531 942 1630 promissionis
956 1531 994 1606 in
1008 1531 1257 1609 Ordinatione

156 1643 270 1718 sactae
286 1645 336 1721 ad
361 1647 659 1743 permanendum
679 1647 718 1720 in
736 1647 868 1721 eidem
885 1645 1068 1740 Dioecesi,
1085 1659 1124 1721 et
1141 1648 1189 1722 ed
1213 1673 1256 1723 se

158 1758 434 1858 subjiciendum
447 1759 606 1835 Praesuli
619 1786 703 1853 suo,
712 1759 925 1857 usquedum
938 1760 1119 1836 canonici
1134 1761 1257 1871 dimis-

157 1897 223 1948 sus
239 1873 361 1949 tilerit.
394 1875 619 1950 ⁴Statuimus
637 1900 787 1973 quoque
801 1875 933 1949 eidem
951 1875 1177 1974 obligatione
1194 1900 1258 1974 pa-

156 1986 247 2061 riter
269 1987 451 2089 adstringi
475 2014 626 2064 omnem
653 1989 906 2064 Sacerdotem
930 1988 998 2064 rite
1023 2001 1256 2088 cooptatum

156 2102 194 2177 in
218 2101 383 2199 aliquam
408 2103 634 2180 Dioecesim:
659 2103 844 2202 cooptari
869 2116 996 2177 autem
1020 2104 1257 2180 declaramus

156 2218 360 2316 quemlibet
377 2244 425 2293 ex
441 2218 562 2293 alieni
583 2218 754 2295 Dioecesi
775 2217 1049 2312 advenientem,
1066 2218 1192 2293 statim
1209 2242 1256 2295 ac

111 2407 116 2416 ,
155 2333 427 2409 testimoniales
453 2346 493 2407 et
518 2332 785 2407 dimissoriales
813 2332 945 2406 litterae
978 2331 1170 2428 Proesulis,
1194 2328 1256 2410 cui

156 2447 324 2545 proxime
350 2447 523 2524 subditus
549 2459 644 2541 erat,
665 2445 819 2521 munitm
842 2446 1082 2542 auctoritate,
1098 2449 1145 2523 ab
1171 2448 1255 2547 ipso

156 2563 385 2659 Sacerdote,
401 2563 606 2639 Ordinario
624 2563 686 2638 cui
707 2588 750 2637 se
767 2561 954 2661 subjicere
972 2562 1059 2638 velit
1082 2563 1257 2639 exhiben-

155 2691 228 2772 tur,
252 2690 294 2754 et
317 2681 366 2753 ab
391 2679 538 2754 eodem,
559 2677 597 2753 in
622 2688 846 2776 perpetuum
871 2688 1128 2774 acceptentur.
1180 2678 1255 2753 His

156 2791 266 2890 porrd
289 2793 440 2868 statutis
463 2794 616 2868 obstare
641 2793 817 2866 nolumus
841 2791 930 2888 quin
955 2814 1004 2866 ea
1028 2791 1168 2866 servari
1193 2793 1257 2867 de·

155 2907 282 3001 beant,
295 2931 379 3004 quae
395 2905 629 2983 Benedictus
646 2904 742 2979 XIV
757 2905 1053 3003 (Constitutione
1065 2909 1128 2999 25,
1140 2905 1253 2981 Tom.

155 3016 353 3097 2Bullarii
366 3021 441 3097 sui:
458 3021 523 3096 Ex
538 3045 614 3119 quc
629 3021 817 3117 dilectur.)
831 3019 1039 3094 luculenter
1056 3020 1172 3094 docet
1188 3020 1256 3095 cir·

155 3159 205 3212 ca
227 3136 462 3212 Sacerdotes
484 3135 547 3234 qui
568 3135 617 3210 ad
642 3133 881 3234 Religiosum
904 3132 1066 3231 aliquem
1084 3133 1254 3210 ordinem

155 3251 315 3327 tumne
332 3250 471 3326 volunt.
807 3273 809 3277 ·

204 3365 277 3441 ΠΙ.
305 3365 427 3442 Enixi}
448 3365 643 3441 hortamur
662 3363 852 3440 Praesules
876 3387 1008 3438 omnes
1031 3363 1140 3463 hujus
1163 3362 1255 3440 Pro

153 3481 287 3558 vinciae
308 3507 357 3557 ne
374 3482 592 3559 concedant
611 3481 813 3557 facultates
835 3503 947 3554 seem
968 3503 1127 3554 munera
1150 3505 1255 3557 exer·

153 3597 267 3673 cendi
285 3597 489 3672 Sacerdoti
505 3596 655 3670 aliunde
669 3594 844 3688 venienti,
856 3594 927 3668 nisi
943 3594 1077 3669 afferat
1087 3594 1254 3670 testimo·

153 3710 272 3787 niues
287 3735 356 3786 seu
370 3710 637 3786 dimissoriales
651 3709 794 3785 litteras
808 3708 1001 3803 Praesulis,
1010 3709 1073 3785 cui
1085 3709 1252 3807 proxime

154 3826 328 3903 subditus
344 3826 481 3920 fuerat,
493 3824 718 3901 auctoritate
735 3825 919 3900 firmatas:
945 3848 1018 3900 nec
1036 3825 1150 3900 etiem
1167 3849 1257 3901 con·

152 3940 294 4019 cedant
306 3965 372 4017 eas
385 3940 587 4016 facultates
607 3937 810 4013 Sacerdoti
827 3938 1097 4038 hujusmodi,si
1110 3939 1254 4037 absque

150 4056 269 4132 cruat
293 4054 493 4131 sufficienti
518 4051 702 4129 distulerit
726 4051 825 4126 ultra
841 4076 910 4126 sex
930 4076 1082 4127 menses
1108 4051 1256 4129 Praesu-

154 4171 228 4246 lem
246 4169 399 4270 eligere,
416 4169 525 4268 cujus
551 4165 767 4243 auctoritati
793 4178 832 4239 et
850 4166 1102 4263 jurisdictioni
1119 4166 1157 4241 in
1174 4193 1256 4266 per·

131 4298 308 4388 ¹petumn
343 4285 550 4384 subjaceat.
613 4282 703 4356 Hoc
735 4293 863 4356 autem
892 4282 1050 4357 decreto
1079 4283 1253 4357 nolumus

155 4400 340 4502 derogare
369 4398 568 4501 privilegiis
598 4397 620 4472 a
648 4395 690 4472 S.
723 4394 828 4472 Sede
858 4395 1083 4495 quibusdam
1113 4395 1254 4496 Religi·
1386 4480 1389 4485 .

312 4520 359 4590 10
