2820 5010
198 346 248 415 70
527 364 647 415 rapax
672 363 962 415 amassarreus.

206 541 346 597 Gonoussa
357 538 390 595 ad
402 536 536 610 populum
547 538 674 608 quotidie,
684 540 797 595 durante
808 538 941 607 Concilio,
951 538 1041 594 baberi
1053 538 1148 595 volunt
1160 538 1267 605 Patres,
1280 549 1308 592 et

272 626 399 696 aquibus
412 624 505 680 babitae
518 623 626 691 luerint,
640 623 681 679 12

206 712 426 785 congregationes
438 710 636 781 Episcoporum
653 708 823 781 particulam
840 709 1026 777 instituuntur,
1037 709 1085 779 qui
1102 709 1190 765 reads
1201 708 1306 779 quibus

272 796 487 869 pertractandum
497 795 545 850 erit
556 794 678 850 Concilio
689 794 810 861 reserant,
821 794 849 851 9.

208 882 371 937 Commorat
387 880 416 935 in
427 880 571 935 diaeceseos
583 880 806 935 administratione
822 879 945 935 adhibere
955 879 1073 952 episcopi
1090 891 1249 946 monentur,
1261 879 1306 934 45.

208 966 386 1023 Corum
397 966 463 1019 inter
481 964 726 1021 Richmondensem
744 965 913 1037 Episcopum
930 976 956 1019 et
972 965 1135 1021 sacerdotem
1153 964 1306 1035 quemdam

275 1051 416 1113 dirimitur,
427 1050 470 1105 34.

742 1194 770 1247 1)

205 1292 316 1349 maan
331 1292 443 1348 Concilii
460 1292 644 1347 Platorii-l.
664 1292 706 1347 De
717 1292 835 1363 primatu
845 1302 871 1346 et
883 1308 1010 1363 suprema
1021 1292 1174 1347 auctoritate
1185 1292 1309 1347 Romani

276 1377 492 1432 Pontificis.-ll.
512 1378 555 1433 De
562 1377 670 1432 decretis
679 1388 783 1448 septem
794 1376 977 1432 Consiliorum
989 1376 1196 1432 Prorincialium
1203 1376 1310 1446 ubiqtm

274 1464 303 1516 in
322 1462 396 1517 hisce
412 1462 557 1517 Provinciis
575 1462 730 1533 recipiendis
744 1474 771 1517 et
784 1461 1047 1518 observandis-111.
1065 1462 1109 1517 De
1125 1461 1230 1517 Rituali
1249 1462 1307 1518 Ro-

275 1564 356 1602 mano
379 1559 502 1603 accurate
523 1548 663 1613 servando,
681 1548 757 1602 etde
776 1547 868 1603 ritibus
886 1547 1069 1603 ecclesiasticis
1087 1548 1254 1619 denegandis
1272 1548 1308 1602 iis

276 1650 394 1701 quorum
406 1650 515 1704 corpora
532 1631 697 1704 sepeliuntur
712 1634 741 1687 in
753 1632 909 1688 coemeteriis
920 1644 1064 1699 sectarum,
1075 1632 1122 1688 ubi
1134 1633 1234 1688 adeunt
1252 1650 1308 1688 crs-

275 1718 385 1773 meterin
407 1716 631 1773 catholica-IV.
650 1718 694 1772 De
716 1716 840 1773 Manuali
862 1716 1083 1773 ceremoniarum
1106 1716 1208 1786 ubique
1232 1716 1309 1773 adbi-

277 1801 443 1858 banda—V.
463 1802 505 1857 De
528 1801 667 1857 residentia
689 1802 972 1873 cpiscoporum-Vl.
989 1802 1034 1857 De
1055 1801 1253 1857 consultoribus
1272 1802 1310 1857 ab

276 1888 756 1961 episcopisadbibeudis.—V11.De
779 1886 935 1943 cancellaria
956 1888 986 1943 in
1008 1905 1176 1958 unaquaque
1195 1888 1309 1943 dioeoesi

276 1973 560 2030 instituenda-vill.
579 1974 622 2028 De
641 1972 713 2028 libris
730 1990 842 2044 precum
858 1973 1053 2041 examinandis,
1066 1985 1092 2028 et
1111 1974 1146 2029 ab
1164 1973 1310 2029 Ordinatio

276 2059 454 2130 approbandis
466 2059 626 2130 priusquam
637 2058 914 2129 imprimantur-IX.
933 2059 977 2113 De
987 2058 1063 2130 vagis
1074 2070 1101 2114 et
1111 2058 1209 2131 ignotis
1220 2076 1309 2114 sacer-

277 2143 381 2199 dotibus
393 2156 471 2200 caute
482 2142 734 2199 admittendis—X.
753 2142 797 2196 De
807 2141 1047 2199 ecclesiastioerum
1057 2144 1226 2199 disuiotuum
1237 2142 1310 2199 limi-

277 2226 348 2281 tibus
367 2228 635 2298 designandis.-Xl.
653 2228 697 2282 De
717 2226 869 2283 bannorum
888 2228 1180 2299 publicatione—XII.
1199 2229 1243 2284 De
1259 2229 1309 2300 ju-

276 2313 393 2367 ventutis
404 2312 525 2383 religiosa
531 2312 828 2368 instructione-XIII.
847 2313 889 2367 De
900 2312 1068 2369 instituendis
1079 2313 1309 2370 scholia-XIV.

275 2398 318 2452 De
340 2397 472 2468 erigendis
493 2398 648 2453 Seminariis
670 2396 965 2454 ecclesiasticis-XV.
984 2399 1028 2453 De
1044 2398 1177 2469 exigenda
1199 2400 1307 2455 ratione

277 2482 508 2537 administrationis
526 2482 656 2537 bonorum
674 2482 1037 2539 ecclesiasticorum-XVI.
1055 2483 1099 2537 De
1109 2482 1184 2537 laicis
1196 2500 1213 2537 a
1224 2484 1311 2540 bono-

277 2586 339 2623 rum
356 2568 593 2622 ecclesiasticorum
610 2567 836 2623 administratione
848 2568 974 2623 arcendis.
1009 2568 1103 2622 XVll.
1123 2568 1166 2622 De
1184 2567 1312 2624 AEdituis

277 2673 332 2710 non
343 2654 650 2709 adhibendis—XVIII.
669 2655 712 2709 De
723 2655 814 2709 ritibus
826 2655 906 2709 sacris
919 2655 945 2710 in
957 2654 1138 2709 benedictione
1149 2654 1201 2709 SS.
1213 2656 1312 2711 Sacra·

277 2742 359 2795 urenti
378 2740 463 2794 stricte
482 2740 747 2794 servandis-XIX.
767 2740 809 2793 De
828 2740 926 2794 tuenda
943 2738 1062 2809 religiosa
1080 2739 1197 2793 libertate
1213 2758 1312 2796 eorum

278 2827 325 2894 qui
339 2826 437 2879 militia
450 2826 493 2879 rel
512 2825 589 2879 classi
607 2825 731 2894 adscripti
749 2825 928 2879 sunt-XX.
948 2825 992 2879 De
1009 2824 1139 2879 Societate
1157 2825 1192 2879 ad
1211 2844 1312 2896 propa-

277 2912 395 2981 gandam
415 2910 496 2964 fidem
513 2911 541 2964 iu
560 2910 616 2963 istis
633 2910 780 2964 Provinciis
797 2910 1087 2964 instituenda-XXI.
1106 2910 1151 2963 De
1169 2910 1312 2965 sodalitate

278 3014 390 3066 precum
407 3014 456 3066 pro
468 2995 675 3050 acatholicorum
687 2996 1004 3051 conversione-XXII.
1023 2996 1066 3050 De
1078 2995 1249 3051 facultatibus
1263 3015 1310 3051 ex·

277 3081 454 3135 traordinariis
476 3082 546 3135 circa
563 3081 732 3135 matrimonia
750 3081 1028 3152 petendis-XXIII.
1047 3080 1090 3134 De
1112 3081 1231 3150 petendo
1256 3082 1311 3152 pri-

278 3166 375 3236 vilegio
393 3165 496 3220 adultos
516 3165 610 3219 eadem
633 3184 665 3219 ac
685 3165 811 3235 parvulos
829 3165 915 3220 forma
932 3164 1244 3236 baptizandi-XXIV.
1266 3166 1311 3221 De

279 3252 455 3307 matrimoniis
474 3252 613 3306 contractis
625 3252 668 3306 vel
686 3251 871 3306 contrahendis
883 3269 974 3307 coram
985 3252 1111 3306 ministris
1128 3262 1311 3307 sectarum.-

279 3338 378 3391 XXV.
397 3338 517 3396 Quando
542 3337 645 3391 decreta
668 3337 782 3391 Concilii
805 3337 862 3392 vim
886 3336 1017 3407 obligandi
1040 3336 1093 3391 sint
1116 3335 1250 3402 habitura,
1275 3338 1311 3393 43

278 3430 302 3477 ct
313 3441 380 3494 seqq.

209 3512 319 3565 Decreta
338 3507 450 3561 Concilii
469 3506 577 3577 plenarii
596 3507 784 3576 Chicagincnsi
802 3507 927 3577 episcopo
945 3506 1157 3571 committuntur,
1170 3506 1219 3573 qui
1231 3524 1265 3560 ea
1277 3508 1310 3561 ad

278 3596 426 3647 Summum
447 3592 602 3646 Pontificem
615 3592 722 3655 delerat,
734 3592 884 3646 tu-Hmc
896 3591 999 3645 decreta
1015 3608 1062 3661 pro
1073 3589 1250 3660 promulgatis
1263 3591 1309 3645 ha-

279 3679 364 3734 benda
377 3688 463 3742 crunt,
476 3678 584 3745 quando
596 3677 664 3730 edita
676 3677 774 3731 luerint
791 3695 824 3730 ex
837 3677 992 3731 auctoritate
1003 3675 1207 3746 Arcbiepiscopi
1225 3676 1310 3731 Baiti-

280 3763 419 3823 morensis,
432 3764 475 3816 50.

211 3852 322 3906 Decreta
333 3860 435 3919 septem
448 3848 654 3902 Prouincialium
666 3847 850 3902 Consiliorum
868 3847 1104 3902 Baltimorensium
1116 3846 1217 3914 ubique
1228 3846 1258 3901 in
1270 3847 1312 3901 bis

282 3935 427 3989 Provinciis
439 3933 554 4002 obligare
567 3933 741 3997 declarantur,
753 3932 796 3986 44.

211 4020 362 4092 iliaciplr'an
386 4018 543 4073 universalis
565 4018 694 4087 paulatim
718 4019 746 4071 in
770 4018 825 4072 istis
849 4018 995 4073 Provinciis
1018 4016 1188 4083 restituenda,
1211 4015 1258 4083 56,
1281 4018 1312 4071 ia

280 4105 396 4159 adnotat.

212 4190 353 4246 Distriatm
364 4188 553 4243 ecclesiasticos
566 4189 683 4243 terminis
695 4187 908 4243 circumscribere
920 4187 1036 4259 expedit,
1048 4186 1091 4241 46.
