2820 5010
515 413 768 465 rnovmcmns
795 414 843 464 vr.
1155 396 1229 468 257

180 593 212 663 1.
239 587 376 664 Utrirm
400 587 532 663 Missae
556 600 635 663 tam
660 589 814 688 privatae
831 614 944 688 quam
970 591 1160 666 solemnes
1178 592 1227 667 de

135 702 230 778 lusto
247 702 521 801 conceptionis
538 729 611 779 ceu
637 704 816 780 Patronae
831 704 1116 781 Provinciarum
1134 706 1229 804 Sep

135 818 364 894 tentrionalis
382 819 572 894 Amcricoe
594 818 821 915 Foederatae,
838 820 1075 896 celebrandos
1098 821 1229 896 Domi-

135 932 216 1008 nici
239 932 453 1008 immediata
471 932 721 1031 sequentior
737 933 890 1009 Indulto
909 934 984 1008 SS.
1003 934 1081 1009 Du
1096 933 1229 1009 Nostri

135 1045 195 1121 l’u
212 1046 287 1142 IX,
299 1047 471 1122 dicendae
487 1046 562 1122 sint
578 1071 684 1122 more
701 1048 839 1142 votivo,
854 1047 907 1121 ita
923 1058 966 1122 ut
981 1047 1020 1122 in
1035 1047 1111 1123 fine
1128 1048 1229 1123 dica·

135 1172 196 1236 tur
211 1159 461 1261 Evangelium
479 1161 521 1235 S.
539 1161 566 1236 J
567 1161 722 1242 oannis?

181 1277 218 1350 2.
245 1275 311 1350 An
335 1275 375 1350 in
397 1274 532 1350 iisdem
555 1274 700 1370 Missis,
724 1275 773 1350 dc
803 1272 976 1373 Simplici
1003 1286 1229 1350 occurrente

135 1390 309 1467 holanda
327 1390 376 1466 sit
392 1390 725 1471 commemoratio?

183 1505 238 1582 Et
251 1506 293 1582 S.
305 1505 466 1582 Rittium
478 1506 735 1608 congregatio
748 1506 1055 1604 respondendum
1066 1504 1230 1581 censuit:

182 1622 250 1698 Ad
269 1627 300 1696 l.
325 1621 535 1697 Praedictas
552 1621 709 1716 Missas,
724 1621 849 1720 posito
867 1621 983 1697 citato
1000 1620 1153 1696 Indulto
1170 1644 1232 1719 pc·

135 1736 279 1831 culiari,
294 1736 542 1812 celebrandas
568 1760 655 1811 esse
680 1759 786 1811 more
811 1735 946 1810 festivo
971 1760 1059 1810 cum
1085 1735 1232 1828 Gloria,

138 1853 276 1948 credo,
286 1863 326 1928 ct
338 1851 758 1927 commemorationibus
773 1850 1058 1927 occurrentibus
1070 1850 1109 1923 in
1121 1849 1230 1925 lectis

135 1972 219 2065 (scu
233 1965 401 2067 privatis)
414 1965 559 2060 Missis,
572 1976 611 2040 et
623 1964 836 2040 Dominicae
848 1963 993 2040 tantbm
1009 1963 1048 2038 in
1061 1962 1232 2057 solemni,

135 2107 223 2158 cum
242 2080 452 2180 Evangelio
469 2078 690 2154 Dominicoe.

184 2196 250 2271 Ad
271 2200 307 2270 2.
333 2195 452 2271 Juxta
468 2193 654 2294 exposita,
670 2217 757 2268 esse
774 2192 988 2268 faciendam
1005 2217 1234 2268 commemo-

135 2310 320 2387 rationem
346 2308 385 2384 in
412 2308 543 2384 Missis
570 2307 678 2384 lectis
706 2306 861 2382 tantum.
913 2307 989 2382 Die
1019 2313 1065 2381 10
1093 2308 1233 2407 Aprilis

558 2676 812 2726 annulatum.

187 2889 283 2965 Cuu
301 2888 453 2963 SSmus
470 2886 580 2962 Dnus
599 2886 743 2961 Noster
757 2885 855 2960 Prus
873 2884 982 2983 Papa
994 2883 1142 2979 Nonus,
1155 2908 1238 2984 sep

139 3003 231 3079 timo
256 3003 341 3079 idus
368 3001 566 3078 Februarii
591 3001 784 3099 superiore
808 3024 908 3076 anno
937 3003 1046 3095 1847,
1062 2999 1237 3101 dignatus

138 3118 250 3194 fiterit
272 3118 483 3217 adprobare
509 3127 548 3192 et
571 3115 796 3190 confirmare
817 3114 1042 3190 electionem
1059 3114 1239 3190 factumi

140 3233 318 3308 Patribus
349 3231 512 3307 Consilii
545 3228 830 3304 Baltimorensis
864 3228 1111 3304 Prouincialis
1141 3230 1239 3305 sexti

138 3346 271 3423 Beata
295 3345 429 3420 Marioe
445 3343 607 3444 Virginis
632 3344 713 3419 sine
738 3344 823 3419 labe
847 3343 1017 3443 originali
1041 3356 1240 3443 conceptae

139 3460 177 3536 in
194 3460 404 3535 Patronem
417 3458 733 3557 Septentrionalis
747 3458 937 3534 Americae
949 3458 1239 3534 Foedoratarum

140 3573 439 3667 Provinciamm,
462 3572 561 3648 nulla
587 3584 716 3647 tamen
742 3572 895 3648 mductt
922 3571 1149 3670 obligatione
1177 3598 1241 3649 au·

141 3688 267 3765 aliendi
284 3688 458 3783 Missam,
475 3701 515 3763 et
531 3687 552 3762 ὲ
569 3687 761 3763 servilibus
780 3688 955 3786 operibus
973 3688 1185 3765 abstinendi
1201 3689 1240 3764 in

140 3803 224 3904 ipso
250 3804 311 3879 dic
337 3804 436 3879 sesto
467 3803 741 3903 conceptionis
771 3803 961 3902 Deiparae,
985 3815 1099 3903 atquc
1122 3804 1176 3879 ita
1198 3817 1241 3881 ut

141 3942 188 3994 oa
204 3917 424 3993 solemnitas
441 3918 635 3993 transferri
652 3918 788 3994 debeat
807 3917 845 3992 in
862 3917 1105 3994 Dominicam
1122 3921 1244 4019 proxi-

141 4032 200 4109 mb
218 4044 443 4131 sequentem
464 4033 501 4107 in
519 4034 592 4130 qua
608 4032 877 4131 vespertinum
895 4031 1059 4107 officium
1077 4034 1125 4109 de
1143 4035 1242 4110 sesto

140 4147 203 4223 illo
233 4148 417 4223 translato
449 4149 680 4241 celebretur,
706 4147 882 4222 eumdem
913 4146 1084 4223 §smum
1114 4148 1243 4226 Duum

141 4262 327 4339 Nostrum
356 4261 557 4338 humillima
587 4261 810 4361 supplicavit
836 4261 1017 4337 Director
1045 4262 1247 4338 Seminarii

144 4377 185 4452 S.
216 4378 354 4455 Mariae
382 4376 682 4472 Baltimorensis,
713 4376 776 4451 cui
807 4377 1037 4453 demandata
1065 4390 1127 4453 est
1155 4403 1248 4453 cura
1304 4468 1309 4481 Ι

292 4496 341 4566 33
