2820 5010
533 415 820 467 aaarruoaausa
846 417 869 466 1.
1199 395 1246 466 57

153 591 224 665 dioe
236 591 388 690 angulo,
398 590 590 666 Catholici
602 590 762 665 nominis
776 590 947 665 homines
960 614 1118 665 numero
1135 588 1248 688 pauci

152 706 415 803 (Missionariis
449 708 580 807 paucis
611 706 877 804 praeeuntibus)
907 705 926 781 ὲ
957 706 1075 805 patria
1104 706 1248 800 exules,

154 822 456 919 persecutionem
474 824 545 920 qui
562 823 611 896 ob
628 821 765 896 avitam
782 821 896 895 fidem
914 820 1114 895 crudeliter
1134 820 1248 917 impe

154 937 329 1010 tebantur
338 934 538 1035 fugientes,
548 935 658 1035 hujus
670 935 910 1011 Americanoe
922 935 1108 1011 Ecclesiae
1118 934 1248 1009 funda·

154 1063 282 1123 menta
301 1050 494 1147 jecerunt:
519 1049 578 1123 vix
604 1049 852 1148 quadraginta
876 1074 1059 1124 annorum
1085 1051 1247 1148 spatium

154 1163 296 1238 effluxit
325 1187 373 1237 ex
402 1188 477 1260 quo
502 1163 535 1237 is
565 1163 728 1237 fidelium
757 1188 937 1238 numerus
966 1163 1004 1237 in
1034 1163 1247 1239 Foederatis

155 1276 260 1352 hisce
274 1277 512 1352 Americanis
529 1276 738 1352 Provinciis
756 1277 929 1353 inventus
945 1277 1027 1370 suit,
1040 1277 1103 1375 qui
1119 1278 1248 1377 primae

154 1390 392 1490 Episcopalis
412 1391 525 1466 Sedis
549 1391 756 1485 Baltimori,
773 1390 921 1466 Summi
937 1390 1134 1466 Pontificio
1151 1392 1249 1490 judi·

154 1505 227 1600 oio,
239 1506 470 1581 erectionem
488 1506 678 1603 postulare
692 1505 896 1581 videretur:
914 1505 1078 1581 nondirm
1093 1507 1246 1583 tandem

154 1619 313 1718 vigesies
330 1621 426 1694 anni¹
438 1621 600 1696 circulus
618 1632 677 1694 est
697 1621 900 1714 revolutus,
917 1646 964 1695 ex
982 1646 1056 1718 quo
1079 1622 1248 1695 Sanctis·

154 1733 237 1808 simi
254 1734 451 1810 Pontificis
469 1735 529 1810 Pii
545 1734 622 1809 vll
637 1737 791 1811 decreto
809 1735 1094 1810 Baltimorensis
1112 1736 1248 1810 Eccle-

154 1848 210 1923 sia
219 1848 500 1947 Metropolitica
509 1849 689 1947 dignitate
701 1861 740 1923 et
744 1850 890 1949 juribus
901 1851 1165 1942 cohonestata‚
1175 1851 1248 1925 suf·

154 1962 342 2061 fraganeis
362 1962 603 2038 Dioecesibus
625 1976 799 2038 recenter
819 1962 969 2058 erectis,
985 1962 1097 2037 veluti
1120 1961 1248 2037 Mater

154 2075 315 2151 liliorum
339 2078 482 2170 laetana
502 2077 756 2152 foecunditatis
778 2079 880 2152 dono
903 2076 1049 2152 coelitirs
1073 2089 1248 2175 accepto,

155 2193 298 2289 prolem
315 2217 428 2290 quam
452 2217 586 2267 recens
605 2193 759 2267 Christo
778 2203 973 2291 genuerat,
987 2191 1024 2266 in
1045 2192 1151 2266 novis
1172 2191 1248 2268 Ec·

153 2304 278 2381 clesiis
295 2306 413 2405 primd
426 2307 702 2405 circumspexit.
744 2304 993 2381 Nihilominus
1011 2318 1135 2380 tantas
1150 2306 1248 2381 vide

154 2445 237 2494 mus
267 2420 290 2493 a
317 2421 406 2496 Deo
435 2420 643 2519 impertitas
677 2421 863 2497 Ecclesiis
894 2420 973 2495 istis
1003 2421 1246 2496 nascentibus

153 2532 449 2627 benedictiones,
473 2547 693 2633 tantumque
719 2536 848 2610 datum
874 2534 992 2611 vincae
1018 2535 1105 2611 huic
1131 2537 1248 2612 incre

154 2663 335 2743 mentum,
351 2662 392 2724 ut
413 2650 531 2747 etqui
557 2650 829 2748 plantaverunt,
845 2662 885 2725 et
905 2651 968 2749 qui
993 2650 1248 2749 irrigavenmt,

154 2775 194 2839 ct
210 2764 274 2862 qui
290 2763 530 2856 vindemiant,
546 2775 585 2838 et
602 2765 665 2861 qui
687 2764 890 2840 torcularia
909 2764 1158 2840 redundantia
1174 2765 1248 2840 cal·

154 2891 256 2972 cant,
267 2878 453 2978 “digitum
471 2878 547 2952 Dei
554 2877 577 2916 '’
593 2879 655 2954 hlc
677 2878 827 2954 omnino
851 2878 973 2972 lateri,
989 2891 1103 2975 atque
1123 2878 1248 2953 mirari

155 3005 350 3092 cogantur.
393 2991 580 3067 Fidelium
597 3017 775 3068 numerus
791 2992 929 3067 crescit
944 2992 983 3066 in
1001 2992 1094 3086 dies,
1106 2993 1248 3091 templa

155 3110 259 3184 cultu
271 3107 395 3183 divino
409 3107 510 3183 haud
523 3106 675 3207 indigna
687 3109 828 3207 passim
841 3108 1084 3202 aedificantur,
1094 3109 1248 3183 verbum

153 3224 229 3299 Dei
245 3225 495 3321 undequaque
513 3236 552 3298 et
567 3250 645 3299 non
662 3225 743 3299 sine
759 3224 884 3299 fructu
908 3223 1144 3322 praedicatur,
1161 3223 1249 3299 odia

154 3351 194 3414 et
217 3339 369 3438 vulgata
392 3337 430 3412 in
456 3337 673 3414 Ecclesiam
698 3351 811 3436 atque
837 3337 991 3412 Fideles
1017 3351 1249 3414 evanescunt

154 3452 393 3552 praejudicia,
416 3450 569 3552 Religio
600 3465 745 3547 sancta7
762 3452 850 3527 olirn
881 3453 1063 3550 despecta
1092 3464 1131 3526 et
1160 3478 1249 3527 con-

153 3565 311 3665 temptui
334 3566 473 3660 habita,
490 3567 672 3642 honorem
690 3569 737 3641 ab
755 3566 845 3665 ipsis
862 3566 1020 3642 inimicis
1037 3566 1248 3664 accipiens3

154 3680 297 3757 Christi
322 3680 555 3756 Sacerdotes
573 3684 620 3756 ab
645 3681 690 3755 iis
707 3681 820 3755 etiam
837 3681 900 3778 qui
924 3681 1014 3756 foris
1036 3693 1124 3755 sunt
1141 3706 1248 3755 vene-

154 3797 242 3890 rati3
268 3796 403 3870 veritas
421 3809 460 3871 et
477 3796 647 3872 divinitas
670 3796 758 3871 fidei
781 3809 932 3889 nostrae,
946 3820 1025 3870 non
1050 3795 1087 3869 in
1114 3794 1249 3871 Eccle-

154 3912 216 3987 siis
234 3921 338 3986 etex
355 3922 536 4011 suggestu
553 3910 688 4004 sollum,
704 3911 774 3985 sed
795 3936 841 3985 ex
859 3911 949 4009 ipsis
966 3910 1247 4009 typographicis

154 4026 325 4120 officinis,
346 4027 546 4124 periodicis
572 4038 611 4101 et
634 4026 745 4125 longe
771 4028 921 4124 lateque
947 4025 1089 4101 diffusis
1116 4027 1248 4102 libellis

156 4142 399 4238 proclamata,
415 4152 455 4215 et
471 4142 518 4216 ab
542 4141 804 4217 haereticorum
821 4164 868 4215 ac
889 4139 1092 4215 infidelium
1110 4141 1249 4215 calum-

155 4255 222 4330 niis
240 4254 439 4330 vindicata.
492 4255 572 4330 Sex
589 4254 812 4331 clericorum
831 4254 1055 4349 Seminaria,
1068 4280 1156 4352 spes
1174 4255 1249 4330 Ec-

158 4369 354 4449 elesiarum
385 4383 609 4463 nostrerum,
632 4371 713 4469 jam
742 4369 923 4463 instituta,
948 4382 988 4444 et
1016 4368 1249 4446 sanctissimi

301 4489 326 4558 8
