2820 5010
557 376 788 429 mnusnrurr.
1182 356 1233 428 43

184 553 340 628 Δνώίἀ.
373 552 546 629 Decreta
586 553 697 652 hujus
731 563 876 628 sanctae
908 552 1044 653 synodi
1079 553 1234 629 assidua

135 668 379 742 veneratione
404 690 689 766 prosequamur,
713 678 752 741 et
776 667 937 742 fideliter
961 667 1231 743 custodiamus.
1311 708 1314 713 ·

190 780 350 856 Chorus.
383 781 545 879 Semper
555 805 788 875 veneremur,
800 804 949 880 semper
963 782 1232 857 custodiamus.

186 893 338 969 Archia
373 893 492 969 Juxta
515 895 699 983 monitum
714 894 965 993 apostolicum
982 906 1022 970 et
1046 895 1234 994 propheti·

138 1032 239 1103 cum,
255 1019 472 1108 satagamus
489 1034 574 1103 nos,
590 1009 776 1108 fugientes
793 1009 923 1083 mundi
940 1010 1234 1108 corruptionem,

137 1133 358 1197 constanter
374 1123 567 1198 adhaerere
584 1123 685 1217 Deo,
696 1124 819 1199 donec
837 1148 1081 1200 occurramus
1099 1148 1233 1199 omnes
1275 1148 1284 1166 ·

136 1234 177 1311 iu
193 1260 408 1311 mensuram
423 1237 544 1313 aetatis
561 1236 801 1336 plenitudinis
818 1236 972 1332 Christi,
988 1238 1077 1313 etin
1093 1249 1234 1314 terram
1299 1278 1301 1283 ·

121 1350 349 1427 'viventium

193 1464 353 1542 Chones.
389 1467 528 1561 Amen,
543 1489 665 1542 amen.

188 1692 299 1798 Tum
321 1694 482 1792 denique
508 1707 683 1771 cantatus
709 1708 769 1771 est
798 1697 846 1771 ab
876 1696 1048 1772 omnihus
1072 1696 1233 1796 hymnus

144 1805 198 1882 Te
231 1806 371 1903 Deum,
390 1834 541 1884 necnon
564 1809 611 1883 ab
641 1809 943 1911 Archiepiscopo
970 1798 1235 1886 Baltimorensi

138 1923 367 2022 praescriptae
392 1923 621 2018 Orationes3
655 1936 693 1999 et
722 1925 911 2025 impertita
935 1927 983 2000 ab
1010 1927 1146 2001 eodem
1176 1950 1235 2001 so

139 2037 252 2112 lemni
268 2037 545 2133 benedictione,
560 2062 693 2113 omnes
710 2040 1040 2138 processionaliter
1057 2041 1106 2116 ad
1131 2040 1234 2116 redes

140 2149 499 2252 Archiepiscopales
516 2153 656 2227 reversi
673 2164 771 2228 sunt.

418 2496 931 2529 mmmmm-hamam*

338 2672 662 2836 'osonum
705 2742 1009 2838 roncum.

142 2960 173 3037 Ι.
211 3024 214 3028 .
274 2960 462 3036 ATRES
489 2962 600 3061 hujus
619 2962 781 3039 Concilii
804 2963 982 3057 Plenarii,
999 2989 1048 3040 ex
1064 2964 1237 3040 omnihus

298 3074 468 3148 Statibus
486 3073 700 3149 Foederatis
719 3075 907 3153 Americae
924 3075 1238 3175 septentrionalis

144 3188 376 3287 congregati,
389 3188 547 3287 praeside
562 3188 864 3288 Archiepiscopo
878 3189 1144 3264 Baltimorensi
1160 3200 1240 3264 tan·

144 3326 258 3400 quam
291 3303 527 3401 Apostolicae
561 3302 674 3377 Sedis
707 3302 911 3403 Delegato,
944 3328 1130 3378 summum
1163 3327 1238 3401 quo

147 3417 291 3491 Sedem
308 3416 572 3515 Apostolicam
589 3416 807 3490 Romanam
824 3429 1116 3516 prosequuntur,
1132 3418 1240 3491 ohse-

145 3530 273 3628 quium
298 3530 538 3628 profitentur:
571 3542 784 3629 agnoscunt
809 3530 959 3630 quippe,
978 3532 1089 3630 juxta
1114 3531 1240 3606 defini-

145 3643 288 3718 tionem
304 3643 343 3717 in
361 3644 534 3719 Concilio
552 3643 776 3719 Florentino
793 3646 1081 3745 promulgatam,
1098 3645 1241 3719 Roma·

144 3782 235 3833 num
260 3757 487 3833 Pontificem
505 3781 768 3833 successorem
786 3783 873 3833 esse
897 3759 999 3833 beati
1023 3758 1129 3834 Petri
1145 3759 1242 3858 prin-

143 3855 238 3970 cipis
264 3872 550 3971 Apostolorum,
572 3883 611 3946 et
635 3895 765 3946 verum
790 3872 933 3948 Christi
957 3870 1163 3968 Vicarium,
1184 3883 1241 3947 to

143 3983 294 4082 tiusque
321 3984 510 4060 Ecclesiae
538 3996 666 4083 eaput,
688 3997 727 4060 et
757 3986 922 4061 omnium
951 3986 1241 4061 christianorum

145 4110 293 4196 patrem
309 4109 349 4173 et
366 4099 563 4173 doctorem
580 4099 755 4194 existere,
772 4111 811 4174 et
826 4099 910 4198 ipsi,
924 4099 963 4174 in
980 4100 1093 4175 heato
1110 4099 1243 4195 Petro,

145 4212 341 4310 pascendi,
356 4213 513 4312 regendi
529 4224 568 4287 et
585 4213 817 4312 guhemandi
833 4214 1082 4288 universalem
1107 4213 1245 4289 Eccle-

146 4325 243 4401 siam
259 4350 284 4401 a
299 4326 467 4402 Domino
484 4339 616 4403 nostro
633 4327 733 4404 Jnsu
760 4328 935 4405 Cunrsro
952 4328 1102 4429 plenam
1119 4342 1243 4430 potes-
