2820 5010
557 407 808 458 raovrncrnrr
836 408 859 458 r.
1205 390 1254 461 47
1359 384 1363 394 '

155 580 317 679 risperiti
332 580 540 661 Rooaams
558 583 602 657 Β.
618 582 770 675 Tartar,
781 583 809 656 J
812 606 959 657 oannes
978 583 1108 656 Scorr
1123 596 1161 658 et
1179 585 1257 660 Gn·

156 719 323 770 aramus
344 697 390 770 G.
413 696 544 790 Raso,
560 697 636 794 qui,
653 722 700 770 ex
724 695 1006 794 Episcoporum
1028 697 1257 795 dignatione,

155 810 337 885 sederunt
362 835 440 884 non
470 810 580 909 longe
609 811 631 884 a
657 809 867 908 Theologis
897 810 935 884 in
966 811 1120 886 dextere
1149 825 1256 910 parte

155 926 327 1001 concilii.
379 927 625 1024 Responsum
644 926 1012 1025 interrogationibus,
1029 951 1123 1024 quas
1142 927 1257 1025 scrip

154 1053 195 1114 to
214 1042 296 1139 jam
322 1043 492 1117 fecerant
517 1041 668 1135 Patres,
687 1041 926 1140 jurisperitus
952 1042 1183 1115 Germanus
1208 1042 1256 1118 G.

155 1156 285 1250 Rana,
305 1158 537 1257 collegarum
562 1182 716 1232 suorum
739 1157 904 1250 nomine,
925 1157 1091 1230 exhibuit
1115 1157 1256 1255 scripto

154 1285 360 1347 exaratum.
412 1272 589 1347 Patribus
614 1286 741 1348 autem
759 1272 838 1345 viva
854 1296 950 1346 voce
971 1271 1045 1345 alia
1062 1272 1256 1369 exquiren-

154 1386 267 1480 tibus,
279 1387 359 1461 vivl
375 1387 489 1461 etiam
506 1412 602 1462 voce
613 1386 819 1486 jurisperiti
835 1386 1122 1484 responderunt.
1176 1386 1256 1470 Qui

154 1501 353 1600 postquam
371 1502 544 1577 omnibus
562 1502 727 1600 quaesitis
749 1501 1037 1593 satisfecissent,
1054 1500 1183 1599 gratiae
1201 1501 1256 1576 eis

154 1629 251 1691 actae
261 1629 350 1692 sunt
361 1619 381 1690 a
393 1616 583 1710 Patribus,
594 1616 663 1691 ete
676 1616 850 1691 Concilio
862 1616 989 1690 statim
1003 1630 1253 1692 recesserunt.

201 1729 408 1829 Proposuit
419 1731 555 1806 deinde
566 1731 741 1805 Revntus
752 1729 969 1828 Episcopus
982 1730 1256 1829 Carolopolita·

154 1868 224 1918 nus
239 1856 282 1919 ut
294 1846 444 1944 publica
457 1846 729 1944 Congregatio,
739 1844 848 1919 mane
863 1844 936 1919 diei
950 1846 1155 1942 sequentis,
1165 1858 1254 1920 ante

155 1958 337 2056 privatam
354 1961 575 2053 haberetur3
595 1960 696 2057 quod
714 1959 892 2034 Patribus
910 1960 1084 2035 omnibus
1101 1960 1252 2059 placuit.

360 2232 527 2294 DECIMA
549 2232 846 2295 CONGREGATIO
868 2231 1055 2294 PUBLIOA.
1172 2307 1174 2310 y

203 2412 282 2489 Dra
307 2416 356 2486 14
376 2412 572 2506 Octobris,
588 2412 681 2487 horai
701 2413 835 2488 octavi
851 2412 899 2486 A.
918 2410 974 2485 Μ.
997 2426 1255 2488 convenerunt

154 2527 344 2603 Praesules
358 2553 405 2603 ac
420 2527 622 2627 Theologi,
635 2541 674 2601 et
692 2528 739 2602 de
758 2526 998 2602 confessione
1015 2526 1253 2603 matrimonio

153 2643 425 2739 praemittendi,
435 2643 483 2717 de
497 2642 742 2717 matrimoniis
757 2641 1043 2717 Catholicorum
1056 2668 1144 2718 curn
1155 2643 1255 2719 Aca-

153 2756 318 2852 tholicis,
335 2758 458 2854 deque
475 2759 686 2831 bannorum
704 2756 958 2855 publicatione
975 2771 1103 2833 actum
1121 2769 1190 2833 est.

380 3029 500 3090 NONA
522 3028 819 3089 CONGREGATIO
840 3028 1032 3089 PRIVATA.

205 3210 303 3284 Hac
318 3208 576 3308 congregatio
595 3208 724 3282 habita
736 3219 796 3282 est
812 3208 904 3282 hort
917 3208 1116 3284 undecima
1133 3211 1180 3284 Α.
1195 3210 1251 3286 Μ.

153 3325 325 3401 Decreta
346 3325 462 3423 pridie
486 3324 563 3398 lata
587 3323 688 3397 lecta
713 3336 800 3398 sunt
826 3336 864 3397 et
890 3325 1057 3420 probata.
1110 3325 1254 3424 Propo·

152 3452 267 3516 nente
293 3439 447 3514 Revmo
473 3436 669 3536 Episcopo
697 3437 739 3510 S.
767 3437 966 3531 Ludovici,
990 3463 1127 3514 munus
1153 3466 1254 3515 com·

153 3554 310 3629 missum
328 3565 388 3628 est
404 3553 559 3627 Revmo
577 3551 774 3650 Episcopo
795 3553 982 3627 Berdensi
1005 3554 1148 3628 litteras
1166 3580 1255 3630 con·

153 3667 343 3744 scribendi
359 3668 410 3742 ad
428 3666 680 3741 Sodalitatem
698 3666 884 3741 Gallicam
902 3667 950 3741 de
971 3666 1253 3768 Propagatione

152 3783 254 3875 fidei,
264 3782 397 3880 quibus
410 3780 538 3880 gratiae
551 3792 712 3879 agantur
725 3782 774 3854 ob
788 3780 972 3856 beneficia
982 3781 1255 3880 quamplurima

152 3897 191 3971 in
209 3897 449 3972 Americanae
473 3895 668 3969 Missionis
694 3894 893 3970 utilitatem
911 3896 1058 3970 collata.
1110 3897 1254 3973 Munus

153 4012 268 4086 etiam
286 4010 531 4086 commissum
545 4024 605 4084 est
622 4010 775 4084 Revffio
795 4010 990 4108 Episcopo
1009 4011 1051 4084 S.
1066 4010 1254 4088 Ludovici

153 4125 296 4199 litteras
314 4124 503 4200 scribendi
516 4124 565 4198 ad
585 4124 785 4198 Summum
802 4123 1031 4200 Pontificem
1045 4125 1094 4199 de
1111 4125 1155 4199 iis
1170 4151 1254 4223 quae

154 4241 203 4315 ad
221 4239 385 4316 concilii
402 4241 559 4315 decreta
579 4239 780 4337 pertinent,
797 4252 836 4314 et
853 4240 902 4314 ad
924 4265 1055 4315 eorum
1072 4244 1255 4339 approba-

155 4356 305 4431 tionem.
1093 4395 1095 4399 -
