2820 5010
154 370 226 442 170
435 388 648 440 concinium
674 385 965 446 nsnrruonnnss

202 566 319 648 Quod
345 566 379 641 si
406 589 531 640 rerum
555 565 737 662 adjuncta
760 561 961 662 aliqnando
990 562 1249 638 suadeantur

152 680 380 755 auctoritate
393 679 617 778 Apostolicsi
630 704 678 753 ea
695 704 782 753 esse
800 677 1068 778 permittenda,
1077 673 1254 776 imprimis

114 862 124 883 ,
152 795 364 902 curandum
377 794 447 869 erit
460 807 503 868 ut
519 791 765 870 conscientiae
778 792 973 868 securitati
986 803 1028 867 et
1043 790 1164 867 libero
1180 788 1255 864 reli

153 907 275 1008 gionis
289 908 469 983 exercitio
484 907 719 983 acatholica
735 919 843 1006 parte
856 906 1091 1000 consulatur,
1103 905 1207 980 sicut
1219 912 1256 978 ot

153 1023 268 1122 prolis
293 1022 487 1118 utriusque
514 1022 627 1096 sextis
652 1022 690 1097 in
714 1022 791 1098 fide
816 1020 1005 1097 catholica
1028 1016 1258 1110 educationi,

153 1136 313 1212 solemni
329 1160 460 1211 coram
477 1136 565 1211 Deo
583 1135 834 1234 promissione
850 1135 895 1210 iis
909 1136 958 1211 de
974 1135 1090 1210 rebus
1104 1132 1257 1225 emissa,

154 1251 267 1327 sociis
290 1249 503 1327 nullatemis
528 1250 656 1327 licebit
680 1250 886 1326 Sacerdoti
908 1250 953 1324 iis
973 1248 1177 1326 connubiis
1196 1246 1257 1322 ad·

154 1378 266 1441 stare.
318 1364 563 1440 Meminerint
577 1365 731 1464 insuper
744 1364 979 1440 Sacerdotes
996 1363 1167 1463 pluribus
1182 1361 1256 1436 SS.

155 1480 387 1556 Pontificum
413 1479 577 1553 decretis
595 1480 726 1574 vetari,
741 1505 790 1554 ne
807 1479 906 1554 ullus
929 1502 1042 1553 sacer
1060 1478 1159 1553 ritus
1181 1477 1258 1569 liat,

155 1596 214 1670 rel
237 1594 353 1669 vestis
378 1616 490 1667 sacra
510 1592 745 1687 adhibentur,
759 1593 851 1669 dum
874 1591 1021 1668 foedera
1040 1588 1259 1693 hujusmodi

156 1709 344 1803 ineuntur,
359 1732 445 1805 qnae
464 1731 589 1805 neque
606 1707 705 1783 intra
721 1706 940 1784 Ecclesiam
956 1706 1126 1782 ineunda
1141 1706 1258 1781 sunt*

111 1856 114 1865 ·
204 1823 256 1898 Π.
282 1822 386 1898 Nihil
411 1822 634 1897 innovantes
657 1822 696 1897 in
719 1822 777 1896 his
799 1848 884 1920 quae
907 1820 946 1896 in
970 1821 1092 1921 primo
1108 1842 1258 1898 canone

156 1937 319 2014 Concilii
349 1936 595 2012 Provirrcialis
626 1942 645 2010 l
674 1936 961 2012 Baltimorensis
988 1936 1038 2012 de
1068 1945 1258 2036 potestate

156 2051 340 2151 Episcopi
368 2052 406 2125 in
440 2051 655 2151 pastoribus
684 2051 928 2152 designandis
957 2063 998 2126 et
1025 2050 1261 2144 amovendis,

155 2189 307 2241 necnon
325 2164 474 2239 firmare
492 2165 662 2240 volentes
679 2191 765 2264 quae
784 2165 823 2240 in
843 2189 993 2241 canone
1009 2177 1150 2263 quarto
1166 2165 1260 2265 ejus·

158 2280 246 2356 dem
265 2279 413 2378 Synodi
430 2280 627 2354 declarata
642 2279 748 2355 fuere
766 2280 815 2354 de
832 2279 945 2356 unico
962 2290 1118 2378 pastore
1135 2279 1175 2355 in
1191 2277 1262 2354 sin·

156 2394 252 2495 gulis
271 2393 639 2493 Congregationibus
657 2393 905 2494 designando,
921 2394 1163 2470 declaramus
1180 2417 1262 2494 pas·

156 2508 230 2583 tori
254 2508 324 2583 soli
349 2507 403 2583 ita
428 2507 626 2607 designato
653 2520 873 2607 competere
898 2507 1262 2584 administrationem

158 2622 347 2698 Ecclesiae
365 2648 433 2696 seu
458 2621 789 2720 Congregationis,
806 2637 920 2719 atque
938 2622 1020 2696 aliis
1045 2621 1262 2698 Sacerdoti-

157 2739 228 2812 bus
245 2737 296 2811 illi
321 2737 358 2810 in
376 2736 569 2810 ministerii
586 2737 813 2835 adjutorium
831 2737 1034 2835 adjunctis,
1048 2762 1127 2811 non
1149 2736 1261 2814 licere

158 2852 297 2949 aliquid
316 2851 473 2951 aggredi
490 2862 626 2949 praeter
643 2852 806 2949 pastoris
824 2852 1066 2927 voluntatem.

208 2966 280 3041 111.
307 2966 369 3040 Ne
394 2966 512 3064 turpis
539 2966 633 3040 lucri
656 2967 795 3064 cupido
820 2966 1098 3042 sacerdotalem
1122 2966 1263 3042 inficiat

159 3081 341 3175 ordinem,
364 3081 422 3155 vel
453 3081 578 3178 aliqua
603 3080 744 3155 oriatur
768 3080 866 3155 inter
892 3082 1128 3157 Sacerdotes
1154 3082 1262 3157 simul

159 3208 439 3272 commorantes
471 3195 671 3287 dissensio,
700 3207 854 3293 propter
884 3196 1149 3293 eleemosynas
1180 3221 1263 3294 quae

159 3311 314 3387 Fideles
326 3310 531 3385 occasione
544 3322 868 3385 sacramentorum
882 3309 1057 3408 baptismi
1068 3309 1128 3384 vel
1140 3311 1264 3385 matri·

159 3425 275 3500 monii
305 3423 637 3499 administrationis
664 3423 798 3521 sponte
827 3425 1040 3519 conferunt,
1064 3449 1263 3500 monemus

160 3538 378 3637 Episcopos
404 3536 508 3611 utin
534 3537 650 3635 primi
673 3539 740 3612 sui
765 3539 913 3636 synodo
938 3538 1184 3633 Dioecesanb,
1207 3539 1264 3614 vel

160 3652 264 3747 alias,
281 3663 393 3750 prout
409 3649 479 3724 illis
497 3650 534 3724 in
555 3651 722 3726 Domino
741 3651 860 3726 visum
877 3652 1001 3748 fuerit,
1017 3654 1178 3729 consilio
1197 3655 1265 3730 Sa·

162 3767 361 3843 cerdotum
383 3762 496 3838 etiam
518 3765 698 3860 adhibito,
717 3766 860 3864 justam
884 3777 1054 3841 statuant
1078 3769 1264 3844 rationem

162 3880 356 3978 quainter
379 3878 602 3954 sacerdotes
628 3879 738 3954 simul
763 3880 817 3955 ita
839 3893 1122 3958 commorantes
1145 3883 1266 3959 distri

196 4112 212 4146 ⁶
230 4109 276 4166 Ex
289 4110 405 4182 epistolt
418 4110 447 4166 S.
460 4110 688 4183 Congregntionis
704 4111 737 4167 de
754 4112 935 4185 Propagandt
951 4112 1021 4169 Fida
1032 4113 1067 4170 ad
1085 4113 1180 4171 Patres
1192 4115 1267 4173 Con·

161 4196 218 4252 cilii
239 4196 418 4252 Provincinlb
436 4195 488 4262 Vl,
507 4207 583 4268 patet
603 4213 665 4253 eam
687 4213 746 4252 esse
768 4198 797 4252 S.
816 4199 895 4254 Sedis
915 4209 1088 4256 consumam
1108 4210 1137 4255 et
1157 4200 1266 4259 drmtur

161 4281 341 4348 voluntatem,
364 4292 395 4338 ut
419 4281 598 4338 Matrimonia
620 4283 706 4338 mixta
727 4283 803 4340 nullo
826 4283 945 4340 adhibito
971 4283 1098 4358 religioso
1121 4285 1175 4343 ritu
1197 4286 1265 4343 oola·

162 4369 280 4426 brentur.
