2820 5010
584 362 813 416 euenturum.
1197 338 1245 409 35

152 542 262 617 tollat
279 541 406 640 quoad
423 540 609 615 dioeceses
626 539 664 613 in
681 539 814 636 quibus
832 539 891 612 vel
908 550 1015 612 certo
1031 537 1091 611 vel
1115 536 1246 633 proba·

153 656 275 730 biliter
299 654 410 730 suerit
436 654 512 727 ullo
542 665 713 751 tempore
740 653 988 752 publicetum3
1013 650 1082 726 red
1107 648 1146 724 in
1171 648 1246 724 hoc

154 769 351 844 consilium
369 768 570 842 noluerunt
586 767 723 841 Patres
739 767 803 842 ire.

204 882 322 957 Plura
338 882 457 956 relata
474 892 561 955 sunt
586 904 610 954 a
634 879 998 979 Ludovicopolitano
1016 903 1064 953 ex
1081 879 1249 978 congre

155 996 307 1094 gatione
325 993 540 1095 particulari
553 995 601 1069 de
614 1019 713 1069 nova
725 995 888 1069 editione
902 992 1065 1068 Rituulis
1080 991 1247 1067 Romani

156 1110 192 1184 in
210 1112 335 1185 lucem
349 1110 492 1202 danda3
517 1109 586 1184 sed
602 1132 644 1183 re
656 1119 802 1184 mature
819 1108 971 1209 agitata,
982 1108 1182 1183 noluerunt
1199 1107 1247 1181 de

157 1247 205 1298 ea
220 1222 470 1298 conciliariter
487 1246 611 1321 egere.

206 1336 347 1413 Latum
365 1348 425 1412 est
448 1337 643 1412 decretum
669 1337 771 1434 quod
795 1336 939 1435 incipit:
965 1337 1151 1412 statuunt
1173 1335 1249 1411 Pa·

159 1460 236 1525 tres
251 1452 353 1526 ritus
369 1476 513 1526 saeros.

207 1563 331 1639 Lecta
357 1577 416 1639 cst
432 1564 594 1663 epistola
617 1564 758 1639 Revini
775 1576 814 1640 ct
830 1565 930 1640 Illfiti
945 1563 1158 1658 Turonum,
1174 1586 1250 1661 qua

158 1677 297 1775 gratias
315 1678 492 1753 Patribus
509 1678 587 1778 egit
611 1704 679 1778 pro
697 1678 928 1753 humanitate
945 1703 1123 1777 quaeum
1140 1702 1262 1753 exce·

159 1802 304 1887 perant,
320 1792 450 1891 eisque
468 1793 675 1892 gratulatur
691 1793 740 1867 de
758 1793 932 1868 Concilio
949 1792 1087 1867 habito.

208 1903 321 1981 Tune
339 1905 416 1979 lata
427 1919 516 1980 sunt
533 1906 730 2004 sequentia
747 1907 917 1982 decreta:
938 1907 1158 1982 Hortamur
1173 1906 1249 1982 Pu-

159 2031 236 2095 tres
252 2033 296 2096 ut
313 2022 465 2119 ubique,
478 2023 525 2096 de
543 2022 605 2120 pia
622 2023 670 2097 ed
688 2023 970 2121 propagandam
987 2022 1099 2097 fidem
1118 2021 1250 2096 Socie·
1376 2038 1378 2043 ’

158 2146 236 2209 tate
263 2135 302 2209 in
329 2136 434 2212 hisce
462 2136 671 2211 Provinciis
695 2137 941 2228 instituende3
964 2137 1175 2211 Moucmus
1191 2162 1251 2211 sa·

159 2251 343 2344 cerdotcs,
360 2252 407 2325 de
425 2252 645 2326 aedituorum
660 2252 864 2344 electione3
881 2252 1097 2327 Hortamur
1109 2254 1251 2352 episco-

154 2389 241 2462 pos,
265 2364 312 2438 de
336 2365 477 2439 scholis
505 2366 763 2457 instituendis3
789 2367 1013 2441 Hortaudos
1040 2369 1251 2466 episcopos,
1328 2370 1330 2376 ‘

160 2476 207 2550 de
233 2479 475 2552 sacerdotum
503 2478 665 2554 concilio
694 2479 926 2572 adhibendo3
956 2480 1150 2571 Quoniam
1165 2504 1250 2578 qua

160 2592 257 2685 Deo,
275 2594 446 2668 debonis
464 2594 741 2692 temporalibus.

210 2706 341 2789 Quum
359 2708 491 2782 Illffius
510 2720 547 2781 et
569 2708 741 2783 Revr‘nus
759 2709 809 2781 D.
828 2708 1072 2809 Montisregis
1090 2732 1251 2807 expone·

162 2832 218 2893 ret
234 2845 409 2920 magnam
428 2822 598 2921 pecuniae
615 2846 799 2897 summam
817 2824 865 2896 ad
880 2823 1085 2898 Missiones
1102 2823 1139 2901 in
1154 2822 1252 2897 Cali-

162 2934 281 3009 fornia
311 2938 576 3010 sustentandas
606 2937 691 3010 olim
720 2949 913 3035 erogatam
939 2938 1130 3012 Gubernio
1156 2936 1252 3012 civili

162 3046 316 3144 Mexici,
332 3064 443 3149 prout
459 3052 630 3125 serebant
646 3053 751 3150 leges
769 3051 1002 3150 Hispaniae,
1018 3052 1133 3126 fuisse
1151 3052 1251 3126 loea-

162 3172 251 3257 tam,
274 3176 315 3238 ut
339 3164 435 3239 illius
460 3165 604 3239 fructus
631 3164 830 3261 quotannis
858 3164 1107 3238 Missioneriis
1135 3166 1253 3239 solve·

162 3289 302 3371 rentur,
319 3280 419 3374 quod
445 3290 571 3352 tamen
589 3301 613 3350 a
630 3278 753 3351 multis
779 3278 887 3351 annis
911 3278 1055 3353 facturn
1080 3303 1157 3352 non
1182 3290 1253 3352 est.

161 3415 232 3464 nec
244 3379 408 3490 'amplius
427 3392 618 3490 expectari
635 3392 761 3466 sinunt
785 3392 998 3490 reipublicae
1014 3404 1167 3467 mutatae
1183 3391 1241 3466 sor

161 3516 279 3598 tunoe3
301 3531 490 3602 quumque
508 3506 661 3603 insuper
678 3519 847 3603 potestas
861 3507 977 3581 civilis
996 3506 1032 3580 in
1047 3506 1254 3580 Colifornia

162 3618 262 3693 illam
294 3621 493 3718 pecuniam
529 3622 577 3695 ed
605 3646 695 3695 usus
724 3621 895 3719 publicos
925 3622 1178 3719 usurpandam
1205 3623 1252 3696 ub

163 3734 293 3809 oererio
318 3734 523 3809 Mexicano
550 3735 741 3831 postulare
767 3735 921 3833 cogitet,
937 3735 1018 3833 ipse
1036 3759 1059 3807 a
1076 3735 1252 3809 Patribus

163 3850 352 3944 quaerebat
369 3850 457 3947 quid
476 3849 548 3923 hac
566 3848 604 3922 in
620 3873 661 3922 re
679 3860 932 3947 opportunum
949 3849 997 3922 sit
1013 3847 1103 3922 fieri.
1141 3848 1255 3924 Volu-

164 3973 272 4036 erunt
288 3962 424 4037 Patrcs
451 3962 797 4060 Congregetionem
819 3963 866 4038 de
886 3963 971 4061 jure
998 3962 1196 4057 canonico,
1213 3988 1255 4037 re

165 4088 308 4150 mature
326 4101 523 4174 perpensa,
540 4076 574 4149 ei
592 4076 749 4150 consilio
768 4100 864 4148 esse.

212 4189 367 4263 Relatio
385 4191 554 4288 ejusdem
570 4190 884 4287 Congregationis
904 4192 951 4264 de
969 4190 1012 4263 iis
1026 4190 1088 4287 qui
1105 4191 1258 4291 impedi·

167 4315 291 4378 menta
308 4302 532 4379 matrimonii
558 4303 695 4396 celant,
712 4327 861 4378 necnon
880 4304 1008 4388 etalio
1026 4305 1073 4378 de
1085 4304 1258 4404 juventu·
