2820 5010
152 388 201 458 26
482 405 657 456 naricum
684 404 905 457 mscnmnn.

153 607 280 657 earum
299 580 561 680 Superioribus
574 605 767 680 reponere.
811 579 909 655 Laetr
921 578 1128 654 videbimus
1141 576 1243 651 Diu

153 721 314 770 cesanos
327 709 490 791 nostroe,
500 722 563 794 qur
552 697 810 796 Religiosam
824 696 937 769 vitam
951 695 1090 768 ducere
1104 692 1243 784 volunt,

152 809 295 885 illarum
326 811 672 941 congregationum
701 810 871 884 instituta
903 784 1095 906 amplecti
1120 829 1242 903 neque

151 935 281 998 nostra
306 949 411 1000 mens
429 938 488 999 est
513 926 722 1024 exigerent
747 949 858 999 sacro
876 922 1082 997 ministerio
1107 919 1243 995 manci·

152 1052 287 1135 pentur
298 1039 348 1113 illi
365 1039 498 1136 quibus
515 1065 646 1114 revera
662 1039 829 1137 indigent
847 1037 1011 1136 praefatae
1028 1037 1242 1135 Congrege-

152 1151 292 1245 tiones3
309 1178 431 1250 neque
445 1154 558 1228 etiarn
571 1153 751 1251 impedire
768 1152 857 1249 quin
871 1162 1095 1227 revocentur
1109 1150 1243 1223 Sacer·

152 1266 259 1340 dotes
276 1267 313 1341 in
326 1267 570 1342 Missionibus
584 1268 811 1360 laborantes,
823 1265 936 1355 modo
954 1267 1036 1340 haeo
1050 1263 1240 1339 revocatio

151 1380 381 1456 Dioecesano
400 1381 593 1479 Episcopo
612 1380 761 1456 omninb
785 1381 1002 1455 necessaria
1018 1380 1067 1454 ad
1086 1379 1242 1454 existen-

153 1494 242 1570 tiam
273 1507 338 1570 aut
367 1497 654 1595 prosperitatem
683 1496 945 1595 praedictarum
975 1495 1243 1595 Congregatio-

152 1634 241 1684 num
259 1635 344 1684 esse
362 1611 540 1685 videatur.

451 1897 476 1947 8.
501 1895 551 1946 1³1³.
579 1895 784 1946 scaurum
811 1895 936 1946 SACRA.

201 2067 346 2143 Vsnsro
373 2070 507 2145 veteris
533 2083 572 2146 et
595 2071 682 2146 nori
706 2070 956 2163 Testamenti,
973 2069 1081 2169 vulgb
1106 2082 1243 2146 vocata

151 2181 302 2283 Doway
318 2184 440 2279 Biblc,
452 2185 501 2259 ad
518 2186 671 2260 verbum
689 2185 924 2259 admittenda
941 2194 1000 2258 est
1017 2195 1056 2258 et
1072 2185 1244 2259 transcri-

151 2297 288 2391 benda,
304 2297 616 2396 quotiescumque
642 2323 729 2397 pars
747 2298 871 2395 aliqua
895 2297 1101 2396 Scripturae
1127 2322 1245 2372 sacrae
1272 2340 1274 2344 ·

151 2409 324 2486 inseritur
348 2410 386 2485 in
409 2412 642 2488 manualibus
668 2437 836 2511 precum,
856 2411 1011 2509 aliisque
1037 2411 1185 2510 pietatis
1208 2412 1245 2486 li·
1293 2405 1296 2411 ’

150 2524 245 2617 bris3
270 2550 342 2600 nec
367 2525 443 2600 ulla
467 2526 540 2600 alia
565 2527 686 2602 versio
712 2526 926 2601 adhibenda
951 2527 1059 2618 esta
1080 2527 1245 2622 quolibet

151 2638 295 2735 privato
313 2639 462 2713 bomine
480 2639 590 2714 facta.

365 2923 389 2971 4.
415 2920 464 2970 m:
492 2921 686 2971 nsersrnls
712 2920 1020 2971 PAROCHlALlBUS.

202 3094 344 3171 Onnes
363 3096 596 3172 Sacerdotes
614 3097 864 3170 admonentur
874 3097 923 3170 de
937 3095 1163 3195 obligatione
1175 3099 1247 3194 qua

151 3208 188 3282 in
201 3209 274 3284 hac
291 3209 461 3285 Dioecesi
475 3210 780 3308 constringuntur
793 3210 1037 3308 comparandi
1050 3211 1119 3286 sibi
1132 3211 1245 3287 libros

151 3322 188 3396 in
206 3325 338 3420 quibus
365 3324 561 3423 diligenter
585 3323 834 3399 inscribantur
859 3325 985 3399 omnia
1009 3326 1247 3423 baptismata

151 3437 388 3511 matrimonia
407 3449 446 3511 et
463 3438 675 3535 sepultura,
692 3464 776 3536 quaa
792 3438 828 3513 in
847 3439 924 3514 suis
951 3441 1247 3592 congregationi-

150 3551 222 3624 bus
239 3550 491 3648 perficiuntur.

540 3835 563 3884 b.
589 3834 638 3884 DE
666 3835 860 3886 anerrsmm

200 4007 273 4082 Urr
291 4006 407 4081 menti
421 4006 609 4084 Ecclesiae
621 4024 919 4086 consentaneum
937 4025 1008 4107 est,
1021 4026 1133 4111 atque
1152 4017 1247 4115 ejus·

150 4124 237 4198 dem
263 4122 368 4220 praxi
392 4124 615 4221 generaliter
640 4127 828 4220 admissae,
844 4122 1128 4203 sacramentum
1148 4130 1247 4230 Bap-

150 4236 308 4312 tismatis
326 4236 364 4311 in
381 4238 553 4313 omnibus
580 4241 726 4338 oppidis
745 4241 807 4316 ubi
833 4240 1011 4317 Ecclesia
1028 4256 1158 4318 erecta
1175 4258 1248 4339 est,

150 4365 257 4427 extra
273 4375 358 4426 earn
376 4376 452 4426 non
470 4354 695 4429 conseratur.
