2820 5010
156 363 233 435 214
442 380 654 432 coucmmu
680 380 970 434 umrruoueusu
1108 376 1112 383 ·

352 686 528 761 QUARTA
549 685 848 749 CONGREGATIO
870 687 1062 749 PUBLIGA.

205 902 284 977 Dm
309 904 355 975 18
379 899 486 995 Maii,
503 900 595 973 horfi
610 900 742 997 quartat
764 898 809 975 P.
827 900 883 974 M.
903 901 1033 977 habitu
1049 913 1106 978 est
1121 911 1225 1001 quarta

156 1015 415 1118 congregatio
434 1014 596 1114 publicu,
612 1026 655 1089 ut
672 1014 762 1088 heri.

356 1257 519 1332 QUINTA
539 1255 839 1319 CONGREGATIO
859 1257 1055 1320 PRIVATA.

204 1471 283 1545 Dm
305 1473 350 1543 19
367 1469 475 1564 Maii,
491 1467 620 1542 habitu
636 1480 697 1543 est
713 1467 843 1565 quinta
860 1469 1120 1568 Congrcgutio
1140 1469 1238 1570 prim·

154 1597 208 1681 tu,
224 1586 361 1660 eodem
379 1584 465 1660 loco
485 1596 524 1658 ct
541 1584 633 1658 hort
650 1582 783 1680 quibus
801 1584 931 1682 prima„

205 1701 346 1776 Latum
363 1711 424 1774 est
440 1700 636 1775 decretum
657 1698 715 1772 H:
740 1699 802 1772 De
818 1699 1113 1776 concionibus&
1129 1724 1244 1802 parm

154 1816 218 1891 nis
235 1817 347 1890 luicis
363 1816 408 1888 in
424 1814 600 1888 Ecclestt
615 1838 696 1887 non
711 1813 920 1904 habendis;

204 1929 415 2004 Decretum
432 1927 510 2003 III:
528 1927 589 2001 De
606 1927 667 2000 tis
684 1929 764 2026 qui,
777 1929 941 2003 divortio
959 1930 1065 2004 civili
1080 1930 1250 2029 rejumti,

13 2060 17 2067 '
154 2045 209 2119 ad
221 2068 324 2117 noua
341 2053 546 2117 causeum
561 2051 652 2115 cota
661 2068 674 2130 ‚·

203 2158 414 2233 Decretum
436 2155 510 2230 IV:
535 2155 597 2228 De
614 2155 765 2229 decreto
787 2154 953 2230 conum
975 2155 1196 2233 tudanum·
1209 2156 1252 2232 dc

153 2274 402 2349 matrimonio
421 2271 669 2346 clandestino.

204 2389 447 2464 Censuemnt
464 2385 601 2459 Patres
619 2383 662 2457 S.
681 2382 777 2459 Sedi
794 2384 1083 2485 supplicandum
1102 2398 1253 2483 essunt

154 2527 253 2578 nova
276 2501 402 2575 Sedes
426 2498 668 2597 Episcopalis
690 2498 854 2597 erigatur
876 2499 915 2573 in
937 2501 1029 2574 urbe
1050 2500 1255 2599 Hartford,

155 2642 239 2714 quae
272 2612 495 2690 Provincias
530 2613 783 2688 connection!
812 2625 852 2687 et
880 2614 1013 2688 Rhode
1043 2616 1181 2690 Island
1206 2615 1255 2690 in·

154 2731 293 2807 cludat.

369 2969 504 3030 SEXTA
526 2968 826 3030 CONGREGATIO
847 2971 1041 3033 PRIVATA.

202 3193 281 3268 Dm
309 3193 354 3265 19
377 3189 485 3281 Maii,
501 3188 592 3262 hort
613 3189 744 3284 quartu
769 3188 814 3262 P.
833 3188 888 3261 Μ.
908 3189 1036 3263 habita
1059 3204 1120 3265 cst
1145 3202 1255 3266 sexta

152 3305 410 3408 Congregutio
428 3303 584 3401 privata,
601 3303 737 3375 eodem
756 3303 843 3376 loco
861 3329 936 3399 quo
954 3303 1075 3379 mane.

200 3423 342 3499 Latum
360 3430 419 3493 est
432 3418 628 3492 decretum
647 3415 698 3490 V:
716 3416 776 3489 De
793 3420 1001 3493 residentia
1016 3419 1232 3495 Pastorum
1241 3447 1254 3511 ‚·

200 3537 410 3611 Decretum
429 3531 501 3605 vl:
526 3530 587 3603 De
612 3531 816 3604 temeraria
833 3534 1022 3608 erectione
1040 3544 1078 3608 ct
1098 3559 1255 3635 repara·

152 3655 255 3728 tione
272 3648 561 3734 Εοοῑεείανιιηῑς

201 3766 411 3840 Decretum
437 3759 530 3834 VII:
561 3760 622 3834 Dc
646 3761 761 3835 rebus
788 3760 973 3839 Ecclccioe
1002 3763 1100 3839 libro
1127 3789 1254 3840 recen·

152 3880 291 3958 scedis.
