2820 5010
201 342 250 413 44
488 366 698 420 coacturum
726 370 1012 422 snurruonausa

202 550 320 615 tatem
346 542 521 617 traditam
550 569 648 619 esse.
700 545 967 621 Beatissimum
1000 546 1112 646 igitur
1143 546 1311 623 Pontifi-

203 680 288 731 cem
312 655 420 731 Prun
437 658 509 752 IX,
526 671 642 758 caput
667 660 782 735 totius
808 660 1066 760 Episcopatus
1083 676 1310 761 agnoscunt

203 771 328 845 divino
365 775 451 870 jure
485 774 744 868 constitutum,
777 775 934 873 ejusque
969 800 1056 849 esse
1089 777 1234 851 fratres
1269 775 1309 849 in

202 886 277 961 lide
295 887 532 980 confirmare,
549 912 663 984 quum
680 913 777 962 unus
796 889 844 962 sit
861 888 1026 963 omnium
1040 902 1183 987 pastor.

250 1000 475 1077 Doctrinam
500 1002 664 1100 insuper,
686 1027 799 1100 quarn
824 1005 871 1077 ab
897 1005 1094 1102 Apostolis
1120 1005 1308 1079 traditam

201 1116 239 1190 in
265 1116 444 1191 Ecclesia
468 1116 648 1191 Romana
664 1129 816 1192 constat
840 1143 990 1217 semper
1007 1142 1093 1192 esse
1110 1130 1310 1192 servatam

202 1256 270 1330 per
302 1231 582 1330 Episcoporum
615 1231 911 1325 successionem,
943 1232 1167 1330 profitentur
1212 1233 1310 1306 inte

202 1371 319 1444 gram,
342 1359 453 1443 prout
481 1346 518 1420 in
544 1345 800 1420 Conciliorum
829 1346 1185 1439 OEcumcnicorum,
1211 1360 1329 1446 prte'

202 1461 331 1534 sertim
356 1460 568 1534 Tridentini
595 1461 771 1553 decretis,
788 1473 826 1535 et
851 1461 888 1533 in
907 1461 1152 1536 Summorum
1168 1461 1308 1536 Ponti·

201 1575 314 1650 ficum
333 1574 661 1650 constitutionibus
680 1575 867 1673 explicata
883 1592 952 1649 ast.

249 1806 301 1880 ΙΙ.
329 1806 430 1888 Quae
453 1804 491 1878 in
508 1817 654 1903 septem
672 1804 854 1880 conciliis
880 1805 1220 1881 Baltimorensibus
1238 1808 1306 1881 de

200 1931 307 1993 creta
331 1931 430 2011 sunt,
447 1920 495 1992 ad
526 1944 658 1992 omnes
684 1919 869 1992 dioecescs
895 1919 1185 1993 Foederatorum
1214 1921 1307 1994 Sta-

200 2045 318 2127 tuum,
335 2046 374 2107 et
399 2032 593 2132 regionum
619 2032 784 2106 omnium
802 2033 967 2130 generali
992 2033 1185 2107 Gubernio
1214 2036 1305 2108 sub-

201 2147 374 2242 ditarum,
401 2149 553 2223 extendi
580 2147 792 2240 statuimus,
819 2171 941 2245 eaque
968 2147 1105 2245 ubique
1131 2148 1206 2221 vim
1235 2151 1304 2224 ob-

199 2261 329 2336 tinere.

248 2491 320 2566 ΠΙ.
347 2491 502 2565 Rituale
528 2490 759 2583 Romanum,
777 2488 857 2588 jam
878 2492 1100 2589 adoptatum
1117 2515 1142 2564 a
1158 2491 1304 2568 Conci-

199 2607 248 2679 lio
266 2608 384 2704 primo
403 2605 679 2698 Baltimorensi,
690 2618 868 2679 accurato
883 2606 1107 2679 servandum
1124 2606 1162 2679 in
1176 2607 1302 2681 sacris

199 2722 412 2795 muneribus
431 2719 654 2818 peragendis
667 2720 803 2816 ubique
822 2720 858 2792 in
870 2720 1096 2794 dioecesibus
1116 2722 1301 2795 Statuum

198 2833 488 2907 Foedcratorurn
507 2831 756 2925 decernimuS,
769 2846 940 2905 vetantes
955 2833 1123 2907 districte
1142 2860 1189 2906 nc
1209 2861 1301 2909 con-

199 2948 416 3021 suetudines
442 2946 580 3018 ritusve
603 2968 627 3017 a
648 2945 834 3018 Romanis
861 2946 972 3018 alieni
998 2946 1300 3022 introducantur.

199 3063 313 3136 Ritus
340 3060 622 3136 ecclesiasticos
647 3059 820 3133 nolumus
847 3061 1015 3135 adhiberi
1039 3062 1076 3135 in
1103 3064 1302 3161 sepultura

198 3178 375 3270 fidelium,
393 3177 707 3273 quandocumque
726 3199 856 3247 corum
879 3200 1040 3273 corpora
1065 3176 1303 3274 sepelimrtur

198 3290 235 3363 in
263 3290 488 3365 coemcteriis
523 3301 733 3379 sectarum,
767 3289 825 3361 vel
861 3289 973 3361 etiam
1001 3289 1038 3361 in
1068 3293 1302 3365 coemcteriis

198 3404 375 3503 profaniS,
393 3404 543 3501 quando
561 3404 699 3475 adsunt
716 3403 933 3476 coemetcria
950 3401 1147 3477 catholica.

247 3634 313 3706 IV.
350 3632 532 3704 Manuale
551 3631 872 3705 Caercmoniarum
891 3644 929 3704 ct
955 3632 1086 3705 librum
1107 3633 1302 3708 Caeromo-

197 3748 347 3840 nialem,
358 3747 469 3843 jussu
484 3745 644 3819 Concilii
658 3745 943 3818 Baltimorensis
957 3746 1064 3842 primi
1075 3762 1303 3844 praeparata,

199 3874 236 3935 et
254 3860 440 3957 Gregorio
459 3859 538 3931 PP.
553 3858 662 3950 XVI,
678 3858 738 3931 sel.
753 3883 824 3931 me.
840 3861 1010 3955 probata,
1021 3885 1105 3955 qnae
1123 3863 1302 3934 ernenda-

198 3974 282 4048 tiori
316 3976 414 4071 stylo
450 3972 584 4046 iterum
618 3972 655 4044 in
689 3972 812 4045 luccm
842 3971 944 4044 edita
974 3985 1074 4065 sunt,
1104 3974 1303 4069 praemissa

198 4089 310 4163 etiarn
329 4089 465 4161 rituum
485 4085 749 4184 explicatione,
768 4085 904 4182 ubique
922 4111 989 4183 por
1007 4112 1140 4160 omnes
1160 4088 1302 4161 Foede-

198 4216 300 4278 ratos
319 4203 454 4276 Status
472 4202 686 4276 adhibenda
704 4201 912 4275 statuimus.
