2820 5010
554 429 804 481 rnovrnomnu
830 432 853 481 1.
1201 408 1247 477 91

154 627 293 701 aquam
310 604 489 679 Sabbatis
507 604 655 679 Sancto
673 617 711 679 et
728 605 981 682 Pentecostes
999 604 1250 698 benedictam,

154 742 202 793 ex
226 718 391 793 fontibus
418 718 481 793 ubi
505 731 719 794 asservatur
742 721 954 814 desumere,
971 730 1009 794 et
1032 743 1164 794 secum
1181 718 1250 792 cir-

153 833 356 909 cumferre:
382 856 498 930 quare
517 833 768 908 Sanctitatem
785 834 962 908 Vestram
988 844 1190 930 precantur
1206 844 1249 906 ut

152 946 374 1023 facultatem
415 947 664 1023 Missionariis
703 949 892 1023 Americae
934 947 1248 1046 Septentrionalis

152 1064 369 1137 concedere
383 1062 557 1162 dignetur
573 1062 822 1137 benedicendi
834 1087 970 1160 aquam
987 1062 1249 1160 baptismalem

152 1177 198 1250 ei
216 1177 376 1252 breviori
392 1178 563 1273 sormuld,
579 1179 651 1275 qud
673 1177 921 1253 Missionariis
945 1176 1130 1252 Peruanis
1148 1177 1248 1274 apud

152 1290 271 1366 Indos
290 1292 471 1367 Summus
497 1291 675 1367 Pontifex
700 1291 859 1369 Pronus
883 1291 945 1367 111
969 1291 1022 1366 uti
1045 1291 1249 1384 concessit,

153 1429 311 1503 quaeque
336 1405 374 1481 in
402 1406 547 1481 Rituali
576 1405 697 1482 Limae
721 1430 823 1482 anno
851 1410 945 1481 1797
971 1405 1168 1504 impresso,
1192 1429 1249 1478 re

153 1519 282 1595 fertur.

540 1809 864 1907 Ducuntur

181 2034 310 2086 SADRAE
328 2034 657 2087 GONGREGATIONIS
675 2034 885 2086 annuamus
902 2034 952 2084 DE
971 2032 1218 2083 Pnornonnun

297 2148 400 2219 FIDE,
416 2148 466 2200 DE
485 2148 741 2200 consumunmt
758 2149 858 2207 AQUA
875 2147 1106 2198 effulserant.

223 2322 306 2399 ΠΜ
319 2324 358 2399 in
372 2325 414 2399 S.
428 2325 734 2425 Congregatione
746 2324 924 2400 Generali
935 2326 984 2399 de
996 2323 1248 2423 Propagandi

249 2437 360 2533 Fide,
376 2437 501 2513 habital
525 2439 586 2515 die
611 2444 660 2514 28
682 2440 786 2514 Junii
811 2464 911 2514 enno
937 2441 1045 2534 1830,
1061 2438 1248 2513 referente

153 2549 257 2626 Emo
271 2575 317 2626 ac
331 2552 437 2628 Rmo
451 2552 501 2627 D.
515 2552 650 2628 Pnrno
665 2554 707 2628 8.
723 2554 774 2628 R.
787 2554 833 2629 Ε.
847 2553 1040 2630 Cardinali
1052 2553 1253 2645 Criniso,

152 2679 282 2741 uotum
295 2667 405 2743 fuerit
419 2669 466 2743 de
482 2670 661 2767 petitione
675 2670 845 2767 superids
859 2669 1040 2768 expositi,
1053 2695 1136 2767 quae
1152 2667 1246 2742 RR.

153 2779 235 2855 ΡΡ.
253 2781 342 2856 Ι)Ι).
362 2783 652 2882 Archiepiscopi
675 2783 960 2858 Baltimorensis
979 2795 1018 2858 et
1038 2781 1249 2881 Episcopo-

153 2921 236 2971 rum
253 2896 542 2974 Foederatarum
556 2899 746 2975 Amerioae
763 2900 1077 2998 Septentrionalis
1095 2899 1250 2974 Provin-

153 3010 297 3085 ciorum
313 3011 464 3086 nomine
481 3013 585 3088 facta
597 3024 669 3107 est,
681 3014 816 3089 eadem
834 3014 876 3088 S.
891 3013 1148 3113 Congregatio
1163 3038 1249 3088 cen·

153 3124 228 3199 suit
241 3148 287 3200 ac
301 3126 468 3200 decrevit
485 3127 772 3225 supplicandum
790 3127 921 3202 SSmo
939 3127 1027 3201 Dno
1044 3126 1188 3202 Nostro
1206 3138 1248 3200 ut

152 3238 309 3337 petitam
325 3240 544 3315 facultatem
561 3243 775 3317 concedere
792 3241 1017 3342 dignaretur.

203 3354 319 3429 Hanc
344 3367 472 3429 autem
498 3355 630 3431 Sacrae
654 3357 842 3455 Congreg.
866 3355 1090 3430 sententiam
1116 3356 1247 3431 SSffro

153 3467 243 3542 Dbo
269 3468 413 3543 Nostro
439 3468 628 3564 P10,Div.
647 3469 758 3545 Prov.
778 3470 858 3544 ΡΡ.
878 3470 985 3565 VIII,
998 3470 1155 3544 relatam
1181 3496 1248 3569 per

153 3582 204 3657 R.
230 3582 276 3657 P.
303 3582 353 3657 D.
382 3583 658 3660 Onsrnucoruru
691 3586 957 3680 Cisrnncanu,
986 3584 1027 3658 S.
1056 3584 1245 3684 Congreg.

154 3697 425 3792 Secretarium,
441 3698 479 3772 in
502 3699 689 3773 audientid
713 3700 786 3774 diei
810 3704 860 3774 26
887 3699 1120 3796 Septembris
1147 3723 1246 3774 anno

156 3816 265 3906 1830,
283 3811 477 3887 Sanctitas
495 3813 578 3889 Sua
599 3814 756 3913 benigne
775 3814 956 3914 provebit,
973 3825 1012 3887 et
1028 3813 1246 3889 facultatem

153 3925 201 4000 de
219 3925 292 4023 qud
308 3926 431 4025 ag'tur
447 3927 634 4025 impertita
651 3939 719 4001 est.

202 4039 346 4114 Datum
371 4040 510 4117 Romae
533 4067 580 4117 ex
601 4041 690 4117 AEd.
710 4041 781 4118 dic.
801 4042 892 4117 Sac.
912 4042 1101 4142 Congreg.
1121 4042 1181 4116 die
1202 4045 1247 4117 16

156 4153 339 4229 Octobris
360 4158 464 4229 1830.

302 4268 352 4343 D.
379 4269 434 4344 M.
463 4270 585 4348 Canu.
614 4269 987 4366 CAPPELLARI,
1011 4271 1130 4372 Pras.
1150 4274 1196 4348 P.

543 4387 588 4462 C.
615 4389 881 4485 Cisrarcuun,
907 4391 1044 4466 secret.
