2820 5010
156 392 230 463 258
440 411 652 462 corcrurun
679 412 967 463 sserruouensa

158 588 411 686 componendi
437 588 621 691 Ordinem
646 588 759 663 divini
784 588 909 682 officii,
926 602 1116 665 annuente
1139 588 1225 662 etiarn

162 704 266 777 Rmo
286 702 601 801 Archiepiseopo,
614 702 798 800 quatenus
817 704 999 802 Vesperae
1015 705 1076 778 ius
1092 698 1229 779 Domiri·

159 820 204 894 erl
220 818 276 893 sic
294 819 507 894 decantatae
529 819 578 892 de
603 818 701 892 sesto
720 818 1007 917 Conceptionis,
1023 817 1230 892 satisfaciant

158 933 264 1008 oneri
281 933 368 1028 diei,
380 932 513 1008 saltem
531 958 600 1032 pro
617 933 661 1007 iis
680 934 744 1030 qui
760 934 879 1009 ehoro
896 933 1092 1007 intersunt.
1135 932 1231 1005 Saue·

157 1047 246 1122 titas
276 1044 372 1143 Sua,
397 1048 584 1124 referente
613 1072 675 1122 me
704 1048 918 1145 subscripto
947 1045 1175 1140 secretario,
1196 1041 1230 1116 de

159 1162 314 1260 speciali
328 1163 444 1262 gratia
460 1160 618 1261 benigne
632 1161 763 1236 annuit
772 1163 884 1261 juxta
895 1184 1046 1260 preces,
1057 1185 1134 1235 non
1146 1156 1232 1235 omia

158 1277 210 1350 sis
225 1289 354 1351 tamen
366 1275 786 1351 commemorationibus
797 1277 908 1375 juxta
924 1273 1128 1350 Rubrieas.
1175 1269 1231 1347 Die
1263 1326 1265 1330 »

161 1396 207 1463 10
224 1391 364 1490 Aprilis
385 1394 490 1465 1848.

229 1542 275 1614 Α.
296 1542 418 1616 Orno,
438 1538 880 1635 LAMBRUSCHINI,
897 1541 934 1614 S.
953 1540 999 1614 R.
1024 1539 1064 1613 U.
1084 1534 1195 1635 Proes.

321 1671 349 1745 Ι.
370 1671 415 1745 G.
434 1670 593 1766 Furnrr,
610 1672 647 1745 S.
666 1670 712 1745 R.
735 1670 776 1745 C.
796 1670 935 1745 Secret.

497 1968 925 1986 mnswwvmmmvwm

345 2205 643 2296 FORMULA
677 2200 1067 2319 Junluunul,

180 2455 225 2502 ΑΒ
245 2455 433 2505 EPlSCOPlS
453 2456 499 2504 ΑΙ)
519 2455 636 2505 SEDES
654 2455 831 2504 AMERICAE
850 2455 1067 2505 FOEDERATAE
1087 2455 1221 2506 ΡΒΟΜΟ·

250 2569 398 2639 VENDlS,
419 2570 466 2617 EX
486 2568 651 2617 INDULTO
671 2568 1160 2638 nuosTOL100,EM1TTENDA.

236 2774 311 2846 (ΞΟ
329 2772 378 2845 Ν.
394 2774 537 2846 electus
556 2773 743 2846 Ecclesiae
760 2772 808 2845 N.
824 2774 871 2846 ab
889 2773 961 2846 hae
980 2773 1072 2846 hora
1089 2774 1126 2847 in
1140 2786 1246 2847 antea

258 2887 439 2961 obediens
458 2912 524 2959 ero
545 2888 657 2960 beato
680 2886 797 2960 Petro
816 2887 1019 2982 Apostolo,
1035 2900 1247 2985 sanetaeque

154 3000 342 3074 Romanae
360 3001 559 3093 Ecclesiae,
572 3014 611 3074 et
628 3000 857 3074 Beatissimo
875 2999 982 3073 Patri
998 2999 1047 3074 N.
1067 3001 1188 3100 Papae
1203 3002 1246 3077 N.

154 3115 306 3212 suisque
331 3115 616 3190 suecessoribus
640 3115 822 3189 canonice
846 3114 1079 3189 intrantibus,
1133 3116 1250 3215 Papa-

154 3239 233 3302 tum
252 3230 471 3303 Romanum
490 3230 641 3327 adjutor
657 3229 713 3303 eis
728 3254 793 3304 ero
812 3230 860 3302 ad
878 3229 1117 3304 retinendum
1134 3244 1176 3304 et
1193 3233 1251 3305 de·

153 3343 396 3437 sendendum,
417 3345 520 3417 salvo
546 3369 633 3417 meo
660 3344 801 3417 ordine.
853 3343 961 3436 Jura,
984 3344 1164 3438 honores,
1186 3345 1251 3444 pri·

153 3458 286 3557 vilegia
311 3471 350 3532 et
375 3459 639 3533 auctoritatem
666 3470 810 3532 sanetae
837 3459 1026 3533 Romame
1051 3459 1252 3552 Eeelesiae,

152 3574 281 3672 Papae,
298 3587 336 3647 et
354 3597 619 3648 suceessorum
639 3573 916 3670 praedictorum,
934 3599 1176 3668 conservare,
1192 3577 1252 3650 de·

152 3689 318 3782 fondere,
352 3713 573 3786 promovere
609 3690 760 3763 curabo.
824 3689 996 3787 Regulus
1031 3701 1249 3763 sanctorum

151 3804 320 3898 Petrum,
346 3807 513 3898 decreta,
531 3805 800 3898 ordinationes,
818 3830 886 3877 seu
912 3805 1195 3901 dispositiones
1212 3818 1249 3880 et

151 3921 330 3993 mandata
355 3920 594 4017 Apostolioa,
616 3918 706 3992 totis
733 3919 869 3992 viribus
896 3921 1119 4013 observabo,
1137 3932 1178 3992 et
1202 3921 1250 3993 sa-

151 4033 248 4107 ciam
275 4036 321 4107 ab
348 4036 429 4107 aliis
452 4034 653 4108 observari.
705 4035 876 4108 Vocatus
899 4035 949 4107 ad
975 4036 1177 4131 synodum,
1195 4060 1252 4108 ve·

150 4146 263 4240 niam,
284 4147 353 4220 nisi
380 4150 606 4246 praepeditus
631 4151 737 4223 suero
761 4148 945 4223 canoniea
970 4148 1248 4247 praepeditione.

151 4263 423 4357 Apostolorum
452 4264 576 4336 limina
602 4264 756 4362 singulis
782 4262 975 4337 decenniis
1003 4263 1251 4360 personaliter

148 4403 293 4476 perure
312 4378 434 4475 ipsum
453 4380 628 4471 visitabo,
655 4391 694 4453 et
719 4378 947 4455 Beatissimo
971 4378 1079 4454 Patri
1105 4378 1248 4453 Nostro
