2820 5010
458 458 463 463 -
552 434 806 486 vaovmcmuu
833 435 856 484 r.
1206 413 1255 485 77

152 612 243 710 Dei,
259 613 452 689 homiuum
475 611 610 688 fraude
627 611 686 687 vel
710 609 853 687 incuria
875 609 1128 689 adulteratum
1145 609 1258 685 Fide-

152 729 250 805 libus
270 731 495 828 praebeatur,
520 752 653 802 omnes
681 728 791 826 hujus
818 724 1031 800 Provinciae
1047 725 1257 801 animarum

154 844 339 920 Pastores
356 844 601 918 vehementer
626 843 834 933 hortamur,
850 851 893 915 ut
909 864 957 914 ea
974 840 1101 914 omnia
1118 865 1203 937 quae
1220 840 1257 914 in

153 983 195 1033 re
219 959 316 1034 tanti
341 958 521 1033 momenti
548 957 569 1031 a
595 956 636 1030 S.
657 956 778 1030 Cone.
797 954 904 1030 Trid.
923 955 1093 1048 decreta,
1109 954 1130 1027 a
1148 955 1259 1029 Sum-

154 1072 225 1148 mis
250 1073 513 1166 Pontificibus,
532 1070 741 1169 praesertim
766 1069 787 1143 a
812 1068 951 1144 Lacus
977 1067 1071 1163 XII,
1088 1079 1127 1142 et
1144 1069 1165 1141 a
1182 1068 1257 1142 Pro

155 1187 254 1263 VIII
270 1189 332 1263 sel.
346 1212 422 1263 rec.
436 1187 476 1262 in
493 1186 572 1263 suis
589 1185 721 1260 litteris
740 1182 960 1282 Encyclicis
977 1184 1260 1277 commendata,

154 1313 269 1400 utque
283 1304 331 1377 ab
348 1301 461 1376 Illffio
474 1325 521 1377 ac
539 1301 693 1375 Revtlto
707 1300 733 1372 J
736 1322 861 1373 onnus
881 1297 1081 1391 Csaaonn,
1098 1297 1258 1372 Anchie-

154 1415 314 1515 piscopo
332 1415 613 1509 Baltimorensi,
629 1415 702 1489 una
718 1438 807 1488 curn
824 1411 1029 1511 Episcopis
1047 1411 1129 1486 aliis
1146 1412 1257 1511 hujus

154 1528 380 1625 Provinciis,
403 1530 442 1605 in
468 1530 670 1605 Conventu
701 1527 830 1603 habito
860 1550 961 1601 anno
990 1530 1088 1601 1810
1116 1538 1259 1601 statuta

154 1643 319 1739 suerum,
335 1669 487 1744 semper
510 1669 589 1744 prae
606 1642 726 1718 oculis
750 1642 932 1717 habeant:
956 1641 1070 1716 biblia
1092 1641 1140 1715 ab
1159 1642 1261 1716 Aca-

155 1758 306 1835 tbolicis
331 1759 462 1834 vitiata
478 1759 499 1833 i
516 1758 594 1834 suis
620 1759 752 1833 ovibus
779 1767 948 1851 arceant,
973 1768 1013 1830 et
1036 1755 1186 1830 nonnisi
1212 1780 1259 1831 ex

155 1873 323 1971 probatis
357 1873 591 1948 versionibus
625 1884 740 1971 atque
775 1871 1014 1966 editionibus,
1047 1870 1151 1945 verbi
1183 1869 1260 1945 Dei

155 1987 334 2085 pabulum
373 1987 631 2085 incorruptum
673 1985 745 2060 illis
788 1987 989 2061 desumere
1030 1984 1258 2084 permittant.

158 2100 370 2177 Statuimus
395 2101 508 2201 igitur
530 2113 572 2176 ut
596 2100 814 2176 Duacensis
838 2099 974 2194 versio,
991 2124 1075 2197 quae
1090 2099 1129 2174 in
1146 2100 1263 2175 omni·

156 2216 227 2291 bus
252 2216 441 2292 Ecclesiis
467 2240 624 2315 quarum
649 2215 804 2290 Fideles
823 2213 967 2314 anglice
985 2215 1190 2313 loquuntur
1204 2240 1261 2291 rs

156 2341 284 2429 cepta,
310 2344 351 2406 et
380 2330 402 2406 i
427 2331 772 2430 predecessoribus
806 2329 946 2404 nostris
976 2330 1060 2405 usui
1093 2320 1259 2405 fidelium

156 2443 290 2539 merito
314 2434 510 2545 proposita
530 2457 602 2540 est,
619 2443 770 2519 omninb
794 2444 1009 2520 retineatur.
1062 2445 1261 2521 Curabunt

157 2571 285 2637 autem
310 2559 497 2658 Episcopi
522 2570 577 2653 ut,
595 2562 707 2658 juxta
733 2560 925 2658 exemplar
954 2559 1260 2657 probatissimum

156 2676 204 2751 ab
221 2673 314 2774 ipsis
331 2675 620 2773 designandum,
633 2697 766 2749 omnes
784 2685 864 2749 tum
881 2673 994 2769 Novi,
1010 2686 1091 2749 tum
1109 2674 1259 2749 Veteris
1314 2680 1318 2685 ’

157 2786 398 2864 Testamenti
421 2788 638 2864 Duacensis
664 2788 846 2863 versionis
872 2789 1058 2864 editiones
1080 2789 1119 2863 in
1136 2801 1261 2887 poste-

157 2928 240 2980 rum
265 2901 570 2980 emendatissime
597 2903 701 2996 fiant,
726 2928 814 2978 cum
843 2903 1150 2977 adnotationibus
1176 2928 1260 3000 quaa

158 3041 207 3094 ex
223 3019 367 3094 sanctis
384 3010 574 3093 Ecclesiae
595 3017 785 3112 Patribus,
802 3018 861 3091 vel
879 3042 926 3093 ex
944 3017 1067 3092 doctis
1095 3018 1261 3092 Catholi-

159 3133 291 3232 cisque
308 3133 395 3209 viris
411 3134 560 3208 tantiam
577 3132 787 3231 desumptae
804 3133 889 3207 sint.

207 3247 257 3323 X.
285 3247 384 3324 Ciam
410 3249 654 3323 vehementer
680 3259 854 3345 optemus
883 3259 937 3342 ut,
964 3245 1149 3346 quaternis
1180 3248 1261 3324 fieri

159 3362 311 3462 poterit,
327 3386 396 3460 per
412 3373 532 3436 totam
549 3373 718 3436 nostram
736 3360 976 3436 Provinciam
990 3361 1167 3438 accurate
1179 3388 1262 3438 ser-

159 3488 293 3552 ventur
310 3501 394 3574 quaa
410 3475 609 3550 salubriter
624 3475 661 3549 in
679 3474 826 3549 Rituali
842 3474 1022 3550 Romano
1040 3477 1261 3577 praescripta

160 3602 261 3685 sunt,
276 3588 407 3688 utpote
425 3614 510 3687 quae
526 3590 750 3663 venerandae
768 3589 999 3688 antiquitatis
1017 3592 1205 3690 exemplo,
1221 3604 1262 3667 et

160 3705 396 3806 Apostolicae
421 3703 536 3780 Sedis
562 3703 729 3778 nituntur
746 3706 990 3798 auctoritate,
1016 3719 1055 3781 et
1071 3719 1114 3781 ut
1130 3709 1261 3783 tollan-

159 3833 221 3896 tur
236 3822 392 3914 abusus,
408 3843 478 3894 seu
503 3818 750 3916 suppleantur
773 3820 999 3896 omissiones
1016 3833 1109 3895 ortae
1127 3846 1175 3896 ex
1192 3822 1261 3919 pri-

160 3959 269 4010 orum
289 3946 502 4031 tempomm
520 3931 819 4026 difficultatibus,
843 3933 1069 4034 injungimus
1087 3936 1260 4010 omnibus

161 4047 436 4125 Sacerdotibus
454 4047 492 4120 in
510 4046 583 4120 hac
602 4045 801 4120 Provincia
826 4047 1062 4146 degentibus,
1078 4063 1120 4124 ut
1137 4050 1262 4124 stude

160 4174 226 4238 aut
259 4161 426 4238 Ritualis
460 4160 611 4259 regulas
646 4159 823 4235 accurate
858 4186 1019 4236 servare.
1088 4164 1190 4238 Eum
1223 4164 1261 4238 in

160 4275 273 4351 linem
299 4275 471 4373 quadam
498 4273 587 4349 inde
616 4273 816 4373 desumpta
842 4275 880 4350 in
908 4276 1127 4352 memoriam
1157 4303 1261 4353 revo

162 4415 306 4465 camus.
