2820 5010
544 418 795 470 raovrncmna
824 421 861 469 n.
1184 402 1254 472 111

204 595 349 671 Datum
370 593 511 670 Romae
527 596 628 694 apud
653 596 695 670 S.
714 596 886 689 Petmm,
902 619 1001 670 anno
1025 595 1257 671 Incamatio

153 710 214 785 nis
247 708 461 784 Dominicae
489 709 687 783 millesimo
714 709 1029 809 octingentesimo
1063 709 1256 809 trigesimo

154 835 305 922 quarto,
321 822 470 898 decimo
488 822 618 920 quinto
640 823 838 899 Kalendas
856 822 881 896 J
884 823 991 917 ulias,
1008 823 1258 898 Pontificatds

154 937 277 1012 nostri
293 961 393 1010 anno
412 948 559 1035 quarto.
977 939 980 943 ’

207 1053 319 1129 Loco
336 1056 356 1146 †
372 1054 533 1129 Plumbi.
1130 1115 1133 1120 .

209 1168 336 1266 Super
352 1168 487 1265 quibus
505 1168 657 1266 quidem
674 1168 806 1243 litteris
827 1168 915 1268 Ego
936 1167 1117 1242 Notarius
1136 1169 1260 1268 Apos-

156 1282 294 1357 tolicus
313 1307 479 1381 praesens
493 1296 769 1382 transumptum
783 1283 933 1359 confeci
946 1295 985 1357 et
1003 1283 1158 1382 signavi,
1171 1309 1260 1382 praa

158 1398 328 1472 sentibus
354 1398 444 1472 DD.
464 1399 657 1473 Germano
682 1411 721 1473 et
746 1400 918 1473 Damaso
940 1398 1064 1472 Testa
1086 1398 1257 1475 testibus.

210 1512 433 1587 Concordat
450 1537 538 1587 cum
556 1512 750 1612 Originali.

211 1622 563 1702 ALEXANDER
577 1626 834 1721 ΜΑΟΙΟΤΙ,
849 1626 1032 1723 officialia
1042 1627 1257 1726 deputatus.

755 1741 800 1815 B.
821 1741 1257 1835 crnn.‚1²rodatarius.

499 2044 574 2055 am·
577 2040 930 2053 annun-mmmm

548 2250 875 2347 ornamur

165 2478 193 2527 s.
221 2477 550 2529 concanorrrorus
577 2475 787 2528 causariis
812 2476 862 2526 nn
888 2474 1136 2527 raornonnnr
1162 2479 1264 2550 rma,

214 2592 264 2643 na
287 2593 472 2643 unruono
492 2591 689 2642 sravnnrm
710 2591 750 2640 m
772 2590 1037 2640 ariscoroauar
1061 2592 1263 2644 nrmcnsuu

215 2707 505 2758 rmnaasrnauu
533 2706 711 2756 aaronica
740 2703 1084 2756 snrrnnrmonnms
1113 2707 1265 2757 raovm-

216 2820 361 2871 craauu
378 2800 625 2871 sutertona*

238 2994 320 3070 UM
354 2997 402 3070 ad
436 2995 647 3094 Religionis
677 2994 952 3070 incrementum
981 2993 1019 3067 in
1049 2994 1266 3071 Foederatae

260 3108 450 3184 Americae
470 3110 683 3208 regionibus
702 3107 870 3183 stabilius
892 3110 1185 3205 procurandum,
1201 3110 1265 3185 im·
1334 3100 1339 3108 ’

166 3222 293 3321 primis
309 3224 481 3299 conserat
494 3236 535 3298 ut
552 3224 832 3322 Episcoporum
850 3223 1071 3297 Dioecesum
1084 3224 1133 3297 ibi
1151 3235 1266 3299 statu-

165 3338 492 3412 tarumelectionis
504 3339 763 3437 gravissimum
774 3337 967 3437 negotium
978 3335 1045 3411 rita
1058 3351 1266 3436 sancteque

165 3451 396 3545 absolvatur,
407 3451 449 3525 S.
459 3452 718 3551 Congregatio
729 3453 778 3527 de
790 3452 1042 3551 Propagandi
1051 3451 1149 3526 Fide
1161 3453 1266 3528 valde

165 3578 422 3664 opportunum
443 3591 529 3641 essa
551 3568 601 3642 ad
623 3568 697 3642 hoc
719 3568 1031 3664 consequendum
1049 3567 1267 3643 existimans

167 3691 209 3754 ut
218 3692 327 3754 certa
337 3680 540 3755 methodus
552 3680 818 3777 ubiqueinillis
830 3681 1071 3757 Dioecesibus
1083 3685 1270 3758 servanda

167 3805 367 3889 statuatur,
388 3795 461 3892 qud
483 3794 549 3868 fiat
572 3805 615 3868 ut
639 3795 764 3868 Sedes
786 3795 1012 3893 Apostolioa
1035 3799 1269 3896 exploratam

167 3907 340 3983 notitiam
364 3907 505 3982 habere
532 3908 652 4007 possit
674 3908 893 3983 meritorum
919 3910 1174 3985 Sacerdotum
1200 3937 1269 4010 pro

169 4024 303 4121 quibus
321 4024 672 4099 commendationes
691 4023 908 4119 afferuntur,
924 4025 962 4099 in
987 4027 1154 4126 generali
1172 4029 1271 4102 Con·

169 4150 281 4213 ventu
296 4138 357 4213 die
374 4141 419 4211 18
436 4137 567 4212 Martii
579 4162 680 4211 anno
697 4139 793 4210 1834
810 4136 950 4233 habito,
962 4140 1150 4215 referente
1168 4140 1269 4216 Eino

205 4311 220 4341 ³
239 4307 283 4362 De
296 4307 347 4362 hac
360 4307 488 4362 methodo
501 4307 603 4376 aliquid
620 4307 797 4362 immutatum
811 4306 863 4363 suit
875 4323 924 4378 per
935 4306 1010 4364 aliud
1024 4308 1184 4375 Decretum,
1197 4311 1271 4378 quod

172 4393 242 4449 inim
253 4394 323 4449 inter
336 4393 407 4448 Acta
420 4393 526 4464 Synodi
539 4393 718 4451 Prouincialis
731 4394 784 4449 VII
797 4393 917 4466 positum
930 4403 980 4450 est.
