2820 5010
152 400 221 469 108
432 418 642 468 concraruu
669 416 958 469 anarruounusa

151 595 244 670 tium
262 594 397 670 limites
419 605 643 669 statuuntur.
694 593 756 669 Ita
773 593 895 669 omnis
921 591 1121 669 dubiorum
1138 611 1245 666 occu·

151 710 206 784 sio
221 710 324 784 eirca
335 709 635 807 jurisdictionem
649 708 670 782 i
683 708 836 807 singulis
849 707 1052 806 Episcopia
1070 728 1245 780 exercen-

120 891 124 905 ,
152 825 238 898 dam
257 823 402 921 penittis
421 824 619 897 auferetur.

202 938 320 1019 Quod
349 938 522 1035 pertinet
539 938 588 1011 ad
619 936 847 1034 spiritualem
878 960 1010 1010 euram
1040 932 1243 1033 gerendam

151 1051 377 1127 Missionum
394 1053 443 1126 ad
468 1051 600 1144 Indos,
616 1050 680 1148 qui
697 1063 804 1125 extra
829 1049 1049 1125 Provincias
1067 1048 1244 1123 Foedera·

151 1177 210 1240 tas
232 1178 270 1240 et
291 1165 499 1240 Territoria
517 1166 598 1263 jam
616 1165 824 1264 designata,
840 1176 954 1261 atque
978 1161 1244 1259 omniumque

153 1280 335 1354 hactenus
362 1292 500 1355 erectae
524 1292 612 1353 sunt
636 1280 857 1354 Dioecesum
883 1278 1031 1373 limites,
1055 1302 1104 1352 ex
1129 1276 1244 1352 civilis

152 1395 349 1492 potestatis
380 1393 604 1469 auctoritate
638 1394 816 1469 constitui
846 1395 998 1487 debent,
1026 1391 1172 1491 placuit
1204 1390 1244 1465 S.

154 1507 450 1608 Congregationi
479 1507 656 1583 Patribus
681 1508 886 1583 Societatis
911 1508 1008 1582 Jesu
1036 1505 1111 1580 tale
1135 1528 1246 1604 nego

152 1622 245 1696 tium
269 1646 357 1695 esse
384 1621 704 1696 committendum
755 1622 816 1696 Ita
841 1646 992 1719 quoque
1016 1619 1160 1719 placuit
1184 1616 1246 1693 Ni·

154 1760 306 1833 grorum
319 1735 523 1830 hominum,
536 1736 599 1832 qui
615 1760 664 1810 ex
675 1734 756 1810 istis
775 1735 988 1835 regionibus
1002 1736 1039 1809 in
1052 1735 1248 1809 liber-inm

154 1851 294 1926 Africae
319 1850 506 1925 coloniam
531 1851 704 1950 migrant,
719 1851 949 1950 spiritualem
975 1874 1106 1925 curam
1124 1849 1246 1924 eidem

154 1964 341 2038 Societati
357 1964 454 2039 Jesu
468 1966 810 2040 commendandam
828 1990 924 2039 esse.
977 1964 1137 2065 Egimus
1154 1964 1248 2039 utra-

154 2103 228 2175 que
259 2079 306 2152 de
335 2103 377 2152 re
402 2104 490 2153 cum
516 2078 621 2153 Rr‘iro
647 2079 692 2153 P.
716 2078 922 2155 Societatis
947 2078 1044 2153 Jesu
1068 2076 1247 2152 Generali

153 2191 342 2283 Ministro,
355 2205 574 2290 certumque
592 2193 774 2268 babemus
792 2192 928 2267 Patres
948 2191 1155 2266 Societatis
1172 2215 1248 2266 orn-

154 2331 242 2380 nem
260 2330 414 2404 operam
431 2308 586 2381 daturos
603 2331 703 2402 esse,
715 2320 757 2382 ut
773 2320 899 2382 vestra
915 2318 955 2380 et
973 2307 1015 2380 S.
1030 2308 1248 2406 Congrege-

154 2420 266 2495 tionis
284 2432 373 2495 vota
388 2421 536 2496 felicem
554 2422 694 2496 exitum
711 2433 1001 2519 consequantur.

204 2534 266 2611 De
284 2535 464 2610 methodo
482 2537 664 2610 servanda
675 2535 713 2610 in
730 2537 886 2610 istarum
898 2535 1121 2611 Dioecesum
1139 2535 1248 2635 Epis·

154 2650 260 2749 copis
278 2650 471 2749 eligendis
483 2651 590 2725 mitto
613 2651 662 2724 ad
680 2651 976 2749 Amplitudincm
999 2662 1101 2724 tuam
1120 2650 1248 2725 decre

154 2779 233 2840 tum
252 2765 293 2839 S.
314 2765 628 2864 congregationis
648 2767 759 2863 jussu
779 2778 818 2840 et
843 2765 1067 2840 auctoritate
1093 2766 1246 2840 editum.

155 2881 316 2956 Curubis
334 2892 375 2954 ut
391 2881 441 2954 ad
459 2880 624 2979 singulos
650 2879 865 2954 Foedcratae
882 2880 1071 2954 Americae
1090 2878 1249 2978 Episco

154 3019 225 3093 pos
244 2995 414 3092 ejusdem
431 2994 576 3069 decreti
599 2994 790 3092 exemplar
806 2994 985 3088 mittatur,
1001 3005 1043 3067 ut
1060 3019 1194 3068 omnes
1210 2994 1247 3068 in

156 3122 233 3181 tam
252 3108 353 3206 gravi
370 3107 524 3206 negotio
542 3131 710 3180 normam
728 3108 930 3182 tenendam
948 3120 1169 3206 agnoscant

204 3223 392 3318 Denique,
402 3233 443 3295 ut
460 3246 528 3320 par
545 3233 638 3314 erat,
648 3222 884 3319 amplissimis
902 3222 1073 3296 laudibus
1092 3222 1135 3296 S.
1148 3222 1248 3296 Con·

157 3337 324 3436 gregatis
348 3348 580 3435 prosequuta
600 3349 660 3412 est
684 3337 813 3411 initum
839 3339 886 3411 ab
908 3338 1165 3436 Amplitudine
1186 3339 1248 3413 tut

157 3466 195 3525 et
211 3451 415 3549 Episcopis
428 3451 584 3549 collegis
598 3451 671 3524 tuis
685 3451 882 3525 consilium
901 3451 948 3524 de
966 3454 1061 3526 nova
1076 3451 1248 3527 faciendi

156 3564 320 3638 Ritualis
338 3563 506 3638 Romani
524 3564 700 3659 editione,
717 3565 840 3661 deque
857 3564 957 3639 libris
976 3564 1247 3664 componendis

157 3679 221 3777 qui
238 3679 286 3753 ad
304 3678 556 3752 institutiones
574 3679 853 3777 philosophicas
871 3692 910 3754 et
927 3680 1161 3779 theologicas
1178 3693 1249 3755 tra-

157 3793 302 3868 dendas
327 3792 365 3865 in
389 3791 531 3866 scholis
557 3792 814 3866 adhibeantur.
865 3792 951 3868 Erit
973 3793 1060 3868 verb
1087 3794 1129 3868 S.
1149 3795 1249 3870 Con·

156 3906 365 4007 gregationi
389 3905 641 4004 gratissimum
664 3920 745 3982 tum
770 3905 949 4002 Ritualis,
968 3920 1048 3982 tum
1073 3907 1248 3984 libronun

157 4025 205 4098 de
235 4022 368 4119 quibus
399 4046 524 4095 sermo
555 4035 626 4113 est,
651 4022 852 4119 exemplar,
880 4021 1077 4120 postquam
1108 4022 1248 4098 editum

156 4136 279 4228 fuerit,
295 4135 474 4234 recipere.

205 4249 404 4348 Praecipua
420 4250 501 4325 baec
516 4259 616 4343 sunt,
628 4274 712 4346 quae
724 4249 827 4325 circa
844 4248 1122 4327 Ecclesiastica
1137 4274 1249 4352 nego

155 4366 208 4440 tia
225 4364 262 4441 in
279 4363 451 4441 Concilio
465 4362 730 4440 Baitimorensi
743 4363 970 4439 Provinciali
982 4366 1154 4441 secundo
1171 4387 1250 4464 per·
