2820 5010
493 416 747 469 altovutcmns
772 417 820 468 Π.

494 822 823 917 RESPONSA

122 1075 149 1124 S.
178 1073 507 1126 consummatus
537 1075 686 1127 RITUUM
714 1075 764 1127 AD
795 1074 1002 1126 nouantur
1030 1075 1199 1132 Qunam

299 1189 411 1240 CIBCA
431 1189 579 1241 oratoru
598 1190 782 1242 SUPERIUS
799 1189 1018 1241 altmonam.

529 1421 782 1471 untrlmoltau.

188 1624 372 1701 ECIMO
406 1624 605 1701 Kalendas
639 1625 867 1701 Decembris
897 1626 1080 1724 superiori
1109 1649 1209 1700 anno

216 1742 326 1833 1840,
341 1740 391 1814 ad
415 1739 545 1815 enixae
566 1764 702 1839 preces
726 1739 884 1815 Petrum
902 1752 1046 1837 quartae
1062 1738 1210 1837 Synodi

110 1853 358 1931 Provincialis
392 1854 693 1951 Babimorensis,
731 1854 884 1930 SSffius
921 1854 1032 1929 Dbus
1067 1854 1211 1928 Noster

110 1969 340 2047 Ganoomus
365 1970 475 2069 Papa
498 1970 595 2047 XVI
620 1971 830 2070 impertitus
856 1982 916 2045 est
943 1995 1012 2068 pro
1037 1970 1211 2046 omnibus

110 2082 327 2160 Fmderatae
338 2084 529 2161 Americae
547 2085 863 2184 Septentrionalis
881 2084 1108 2160 dioecesibus
1121 2108 1212 2159 non·

109 2198 213 2273 nulla
240 2198 340 2273 intra
364 2222 505 2274 annum
530 2199 655 2275 officia
680 2200 925 2293 Sanctorum,
950 2225 1034 2297 quoe
1059 2200 1149 2274 dum
1173 2199 1212 2274 in

110 2312 336 2389 kalendariis
354 2313 635 2409 ordinabantur,
651 2315 830 2390 nonnulla
847 2315 1013 2390 excitata
1037 2327 1126 2390 sunt
1149 2315 1214 2390 du·
1248 2384 1249 2389 ,

110 2427 185 2523 bia,
201 2429 252 2503 ad
269 2453 428 2527 quorum
446 2429 685 2524 solutionem,
703 2431 911 2505 Sacrorum
934 2429 1095 2505 Rituum
1113 2431 1214 2505 Con·

110 2542 341 2642 gregationis
366 2544 592 2619 sententiam
617 2544 882 2643 requirendam
899 2543 1094 2620 constituit
1119 2543 1214 2618 alter

111 2681 159 2733 ex
182 2657 448 2735 Directoribus
467 2659 668 2734 Seminarii
694 2659 735 2734 S.
754 2659 890 2734 Mariae
915 2658 1215 2754 Baltimorensis,

111 2773 184 2851 cuir
198 2798 293 2850 eura
315 2774 545 2849 demandata
568 2787 627 2850 est
651 2776 832 2850 nonnulla
856 2775 1073 2849 Foederatae
1096 2774 1213 2872 ipsius

112 2886 303 2963 Americae
318 2888 537 2963 kalendaria
549 2889 747 2963 efformare
765 2915 834 2987 pro
847 2889 1008 2988 regulari
1026 2888 1160 2963 iisdem
1175 2887 1214 2962 in

112 3002 341 3078 dioecesssrus
354 3003 563 3079 divinorum
577 3002 786 3078 officiorum
804 3003 1070 3078 celebratione.
1122 3002 1215 3076 Pro-

115 3117 241 3215 posita
256 3115 383 3215 itaque
401 3118 516 3192 dubia
532 3130 621 3192 sunt
638 3117 848 3216 sequentia,
865 3116 1053 3191 nimirum:

164 3236 197 3306 1.
225 3231 467 3307 Concessum
493 3245 553 3307 est
577 3230 756 3307 Officium
783 3232 825 3305 S.
850 3230 997 3323 lienosi,
1020 3229 1149 3328 Episc.
1176 3241 1216 3305 et

113 3346 302 3445 martyris,
330 3347 430 3422 nulli
462 3348 653 3447 assignata
682 3347 744 3422 die
778 3348 851 3444 qub
882 3345 1034 3420 recitari
1067 3347 1214 3420 debeat

116 3461 215 3538 cum
228 3474 356 3538 autem
374 3463 449 3539 hoc
462 3464 601 3539 festum
617 3463 656 3539 in
673 3460 941 3561 martyrologio
956 3461 1216 3558 pronuntietur

114 3578 175 3653 die
192 3582 242 3653 28
258 3578 376 3673 Junii,
393 3580 568 3677 quaritur
585 3603 634 3654 an
652 3580 701 3654 de
719 3603 766 3653 eo
784 3577 866 3653 fieri
883 3579 1021 3652 debeat
1047 3577 1119 3651 hac
1137 3575 1218 3675 ipsd

115 3693 175 3768 die
192 3697 242 3768 28
259 3693 376 3787 Junii,
388 3694 488 3770 sesto
507 3695 548 3768 S.
567 3693 712 3769 Leonis
729 3693 779 3767 ad
793 3693 894 3768 diem
911 3692 1111 3791 septimam
1127 3691 1218 3766 Julii

115 3807 186 3883 fixe
203 3809 400 3882 translato.

162 3925 198 3997 2.
226 3921 273 3996 In
298 3921 452 3997 Indulto
473 3922 702 4021 Apostolico
726 3923 945 4020 exprimitur
969 3921 1146 3996 Officium
1175 3920 1217 3995 S.

115 4035 251 4112 Irenoei
280 4036 512 4136 simpliciter,
541 4050 580 4113 et
610 4038 691 4113 sine
721 4039 861 4112 addito.
924 4036 1045 4111 Porrd
1075 4061 1122 4110 ea
1150 4036 1220 4111 suit

117 4176 224 4226 mens
250 4152 411 4227 Petrum
437 4152 600 4228 Consilii
625 4153 867 4227 Baltimoren.
894 4163 1023 4248 petere
1050 4176 1117 4248 pro
1144 4151 1218 4225 hoc

118 4264 258 4341 Officio
271 4278 385 4365 prout
403 4266 581 4367 Lugduni
598 4267 635 4341 in
650 4267 772 4341 Gallia
784 4266 1012 4340 celebratur:
1031 4277 1070 4338 at
1083 4289 1131 4339 ex
1145 4265 1222 4362 qui·

116 4379 277 4456 busdam
303 4380 473 4456 Romani
498 4380 679 4458 Breviarii
703 4379 928 4455 editionibus
952 4378 1099 4453 videtur
1121 4377 1221 4475 qudd
