2820 5010
552 417 802 469 mortuorum
829 419 853 470 1.
1200 401 1249 472 89

152 589 369 689 ceptionem
385 593 613 668 sacramenti
636 592 886 670 Eucharistiae
908 594 1005 669 intra
1021 593 1249 692 quindenam

152 703 396 800 Paschalem‚
406 706 729 807 Archiepisoopus
742 721 782 785 et
798 708 983 808 Episcopi
999 710 1168 808 praedicti
1185 711 1252 786 hu·

154 819 291 895 militer
312 832 445 919 petunt
462 821 733 896 Smorrrsrrru
751 823 936 899 Vasrnsu
953 836 995 899 ut
1012 825 1251 900 consuetudi-

153 958 242 1009 nem
258 960 327 1033 per
343 934 460 1011 hasce
477 936 651 1036 reg'ones
669 937 758 1011 olim
775 937 967 1012 inductam
981 942 1043 1036 (ex
1060 940 1251 1037 Apostoli·

154 1074 218 1144 co,
228 1050 285 1124 uti
300 1051 477 1144 creditur,
488 1050 656 1147 Indulto)
670 1052 897 1150 prorogandi
914 1063 1062 1151 tempus
1077 1054 1126 1127 ad
1144 1053 1250 1126 satis-

152 1163 369 1239 faciendum
386 1176 577 1263 proecepto
595 1165 881 1240 communionis
899 1165 1112 1260 paschalis,
1123 1177 1253 1241 aucto

153 1277 265 1353 ritate
282 1279 504 1377 Apostolica
520 1280 743 1377 approbare,
759 1291 871 1377 atque
885 1280 906 1354 ὲ
919 1279 1036 1379 primi
1051 1279 1253 1355 Dominica

154 1391 470 1492 Quadragesimae
486 1394 536 1469 ad
553 1392 794 1471 Dominicam
811 1419 931 1492 usque
945 1393 1155 1489 Trinitatis,
1167 1419 1250 1493 pru·

155 1507 262 1583 denti
277 1507 429 1583 arbitrio
447 1507 650 1601 Ordinarii,
666 1509 869 1584 extendere
888 1509 1072 1608 dignetur.

202 1621 348 1697 Datum
373 1622 580 1717 Baltimori,
604 1645 704 1697 anno
734 1622 941 1721 Reparatae
967 1621 1109 1698 Salutis
1139 1627 1249 1721 1829,

156 1735 218 1811 die
235 1736 323 1812 versi
339 1739 390 1811 24
406 1736 599 1813 Octobris.

205 1851 269 1927 De
291 1852 471 1927 mandato
494 1849 737 1946 Illustrissimi
761 1850 1062 1950 Archiepiscopi‚
1085 1876 1132 1928 ac
1155 1852 1248 1927 RR.

154 1962 237 2043 ΡΡ.
256 1966 346 2043 DD.
365 1965 651 2042 Baltimorensis
669 1964 880 2041 Provinciae
896 1964 1116 2042 Praesulum.

484 2080 701 2157 Enusnnus
718 2079 956 2174 Drusum,
973 2081 1016 2156 S.
1034 2080 1082 2155 T.
1101 2080 1150 2155 D.

520 2195 685 2270 concilii
701 2195 859 2271 Protin.
877 2194 980 2270 Bait.
998 2196 1248 2272 &matarius

205 2359 383 2434 Bunrouu
407 2332 599 2434 concessit
623 2357 699 2432 SS.
725 2355 902 2432 Pontifex
926 2357 1117 2460 privilegia
1140 2340 1252 2460 supra

156 2487 467 2571 commemorata,
482 2488 524 2550 ut
541 2472 738 2573 sequentia
755 2474 911 2549 decreta
926 2485 1121 2550 testantur.

545 2942 868 3039 cucumim

162 3167 288 3219 SAGRAE
321 3166 648 3219 conunncnrloltls
679 3166 888 3219 cussanus
921 3166 971 3216 DE
1005 3166 1252 3216 Pnorsumtnn

199 3282 302 3353 mun,
314 3282 364 3332 Du
379 3282 506 3331 Portum
520 3283 559 3332 IN
574 3283 757 3333 BAPTISMO
772 3279 1005 3333 scobronum
1020 3280 1250 3332 spumarunt.

232 3456 314 3532 UM
327 3456 366 3530 in
379 3456 421 3530 S.
435 3457 739 3558 congregatione
751 3455 929 3532 Generali
940 3456 987 3529 de
1002 3454 1254 3556 Propagandt

256 3570 368 3665 Fide,
388 3569 513 3645 habita
534 3572 595 3646 die
618 3576 667 3647 28
690 3571 793 3646 Junii
816 3595 916 3645 anno
943 3573 1050 3665 1830,
1066 3570 1252 3646 referente

162 3683 262 3760 Ειῖιο
277 3708 323 3759 ac
338 3684 444 3759 Rnro
457 3684 506 3759 D.
522 3684 655 3760 Purno
670 3685 712 3759 S.
727 3685 778 3760 R.
791 3685 837 3760 E.
852 3685 1044 3761 Cardinali
1058 3685 1255 3782 omnmo,

161 3799 373 3897 expositum
386 3799 497 3874 suerit
510 3800 602 3874 RR.
617 3799 697 3874 ΡΡ.
712 3799 801 3873 DD.
814 3799 1156 3899 Archiepiscopum
1169 3801 1254 3875 Bal-

161 3912 405 3987 timorensem
423 3925 462 3988 et
485 3914 699 4012 Episcopos
724 3914 945 3989 Dioecesum
966 3913 1254 3990 Foederatarum

162 4027 351 4104 Ameriam
374 4028 688 4126 Septentrionalis
712 4029 1008 4124 Provinciarum,
1029 4029 1067 4103 in
1093 4029 1253 4128 Synodo

162 4140 389 4219 Provinciali
411 4144 690 4240 Baltimorensi,
706 4170 837 4220 mense
856 4144 1018 4220 Octobri
1040 4169 1140 4221 anno
1161 4151 1256 4222 1829

163 4258 353 4332 celebrati
375 4272 641 4360 congregatos,
663 4284 731 4358 per
754 4258 963 4358 supplicem
987 4258 1152 4334 libellum
1177 4260 1257 4336 Ro

165 4392 263 4447 mam
298 4372 467 4468 missum,
498 4375 669 4450 SSffium
701 4375 830 4451 Dttum
863 4372 1047 4450 Nostrum
1081 4387 1256 4471 precatus

313 4492 360 4561 12
