2820 5010
416 1137 614 1233 INDEX
655 1138 1156 1234 ALPHABETIOUS.

775 1581 802 1636 Α

241 1692 330 1749 dolo
345 1693 465 1750 raitrdrc
481 1693 515 1749 ad
532 1693 649 1765 privatas
663 1695 880 1767 congregationes
897 1694 1052 1762 admittitur,
1069 1695 1120 1751 25:
1139 1695 1186 1750 sed
1198 1712 1263 1751 curn
1273 1706 1337 1751 roto

312 1778 462 1835 consultiro
472 1788 589 1846 tantum,
600 1779 643 1836 27.

239 1863 442 1921 dcclonrotioacs
452 1863 481 1919 in
492 1864 547 1920 fine
558 1864 672 1921 Concilii
682 1865 769 1932 lacte,
780 1865 824 1921 41.

239 1948 314 2004 dctis
328 1949 440 2005 Otacilii
450 1960 520 2004 recte
532 1950 724 2006 comoribendis
735 1961 928 2023 praeponuntur
938 1950 992 2006 duo
1003 1967 1039 2006 ex
1050 1949 1182 2017 Patribus,
1193 1950 1236 2007 25.

240 2034 349 2091 AEditui
370 2052 427 2091 non
444 2035 597 2103 adhibendi,
615 2036 717 2107 ahaqie
740 2036 872 2093 Ordinarli
891 2054 1035 2103 consensu,
1054 2037 1083 2091 in
1107 2036 1335 2093 administratione

311 2138 406 2176 earum
416 2120 599 2188 ecclesinnrm,
610 2138 728 2192 quarum
738 2121 832 2177 titulus
843 2121 952 2178 traditus
963 2133 1003 2177 est
1014 2121 1149 2194 episcopo,
1160 2119 1205 2177 48.

245 2361 434 2419 Βοῑῑὺηονσηιὺ
449 2361 660 2436 ὡιὶιίφίωφω
678 2360 792 2417 Consilii
810 2378 909 2433 praeses
926 2362 1104 2428 constituitur,
1119 2361 1281 2419 3.-Gratite
1299 2360 1337 2416 illi
1400 2397 1402 2402 -

313 2446 428 2519 publice,
439 2447 549 2503 nomine
561 2448 682 2513 Patrem,
694 2457 821 2516 aguntur,
832 2447 877 2502 40.

240 2532 340 2588 Bonae
361 2531 532 2604 publicanda,
555 2531 784 2604 lii-dispensatio
807 2532 859 2586 bac
881 2531 911 2586 in
934 2550 963 2588 re
985 2533 1093 2588 nonnisi
1115 2530 1280 2603 gravissimis
1303 2530 1337 2586 de

312 2619 400 2674 causis
410 2618 590 2685 concedenda,
600 2616 790 2674 ibid-Casus
800 2617 833 2672 de
845 2617 994 2672 bannorum
1006 2618 1183 2690 publicatione
1199 2615 1338 2688 propositi,

242 2790 399 2863 Baptirrrtut.
434 2789 532 2845 Petunt
549 2789 640 2845 Patres
656 2800 687 2844 ut
703 2788 816 2844 facultas
832 2787 936 2844 adultos
953 2787 1048 2844 eadem
1063 2806 1095 2843 ac
1111 2786 1238 2859 parvulos
1251 2786 1337 2843 lorma

312 2876 473 2946 baptizandi,
481 2875 673 2947 perpetuabat,
682 2874 725 2929 vel
732 2873 828 2930 saltem
835 2885 999 2945 prorogetur,
1008 2873 1054 2940 27,
1063 2872 1213 2930 49.-Haec
1224 2871 1336 2928 facultas

311 2960 344 3016 ad
357 2962 478 3031 quinque
489 2977 574 3016 annos
586 2977 603 3014 a
614 2960 656 3015 die
666 2959 702 3015 26
713 2959 788 3030 Sept.
802 2958 880 3026 1852,
891 2969 1056 3030 prorogatur,
1068 2957 1205 3027 simulque
1215 2957 1337 3013 innuitur

311 3057 342 3101 ut
352 3056 444 3116 postea
454 3043 537 3100 adulti
544 3044 625 3117 juxta
636 3043 750 3100 sormam
761 3042 826 3115 ipsis
838 3043 972 3114 propriam
983 3042 1160 3113 baptizentur,
1171 3041 1215 3097 57.

244 3130 376 3186 Βοπωιυη
386 3129 622 3186 decimationes
632 3128 864 3184 administrationis
874 3126 939 3183 ratio
951 3126 1094 3196 quotannis
1105 3125 1246 3197 exigenda,
1257 3126 1336 3183 47.-

312 3214 389 3270 Laici
410 3231 504 3269 eorum
526 3213 744 3269 administrationi
767 3230 825 3268 sese
847 3212 966 3284 ingerere
988 3222 1120 3277 vetantur,
1142 3210 1335 3268 ibide-Prona

312 3311 402 3358 contra
414 3300 570 3373 hujusmodi
580 3300 714 3357 bonorum
725 3310 896 3370 usurpatores
907 3298 978 3367 latae,
989 3297 1033 3355 48.

777 3442 801 3498 C

245 3544 396 3603 Galcodrcii
407 3543 523 3600 ecclesia
535 3543 667 3599 Romana
680 3542 822 3614 adoptandi
833 3543 945 3611 quaestio
955 3541 1038 3598 tribus
1050 3541 1170 3599 Patribus
1182 3542 1336 3609 commissa,

313 3628 361 3699 qui
371 3629 405 3684 de
416 3646 448 3684 ea
459 3627 580 3684 Concilio
591 3627 713 3695 reserant,
724 3626 768 3683 31.

247 3714 415 3772 caudata
426 3713 455 3769 in
466 3730 631 3783 unaquaque
642 3712 749 3768 doecai
759 3712 853 3768 erectio
865 3711 989 3785 expedire
996 3712 1142 3784 judicatur,
1152 3712 1197 3767 45.

246 3801 408 3867 walard,
430 3810 487 3855 tam
509 3798 613 3871 anglica
635 3815 720 3869 quarn
742 3797 895 3869 germanica
914 3797 1008 3869 lingua
1031 3796 1212 3853 conscribendi
1233 3815 1336 3855 munus

311 3883 471 3957 quibusdam
494 3884 615 3941 Patribus
631 3884 718 3949 datur,
734 3881 890 3939 Q-nlius
911 3883 1082 3955 imprimendi
1103 3882 1273 3954 privilegium
1290 3902 1337 3940 ex-

312 3972 449 4028 clusivum
459 3970 527 4027 nulli
539 3967 684 4040 bibliopola
697 3968 908 4036 concedendum,
918 3967 962 4023 30.

245 4058 453 4115 comata.
489 4054 594 4111 Decreti
611 4053 758 4109 Tridentini
775 4053 807 4109 de
819 4052 1027 4109 clandestinitate
1044 4052 1188 4125 publicatio
1204 4054 1233 4108 in
1245 4053 1287 4109 his
1298 4072 1338 4111 re·

311 4143 435 4214 gionibus
449 4140 639 4212 inopportuna,
656 4138 870 4195 31.-Abnuunt
880 4149 970 4193 tamen
983 4140 1073 4193 Patres
1088 4140 1117 4193 S.
1134 4138 1233 4194 Sedem
1248 4157 1339 4210 rogare

311 4247 359 4301 pro
377 4229 452 4283 istius
462 4226 558 4283 decreti
575 4224 733 4295 obligatione
744 4223 859 4279 tollenda
877 4223 904 4278 in
923 4224 954 4278 iis
965 4224 1132 4290 dioecesibus,
1145 4224 1172 4278 in
1185 4224 1283 4293 quibus
1294 4226 1337 4280 vel

312 4324 393 4381 certo,
405 4312 448 4369 vel
459 4310 625 4384 probabiliter
635 4308 801 4382 publicatum
813 4320 863 4377 est,
875 4309 919 4365 34.
