2820 5010
216 390 269 461 w
523 410 697 473 sruouus
722 409 1021 461 srnrruoasusrs

218 587 507 662 solemnioribus
539 587 685 681 diebus,
713 586 746 660 si
775 585 857 660 fieri
885 596 1025 685 potest,
1053 585 1318 660 assistentibus

218 700 396 776 Diacono
422 713 461 777 et
487 702 744 777 Subdiacono.
796 701 925 774 Finito
951 701 1174 799 Evangelio,
1194 701 1319 799 legan-

218 829 279 892 tur
302 842 437 915 preces
455 818 684 916 praescriptae
700 842 768 915 pro
785 818 960 891 omnibus
977 817 1169 891 ordinibus
1187 829 1226 890 et
1243 817 1319 891 feli-

218 931 255 1005 ci
288 944 390 1007 statu
424 932 678 1030 Reipublicae,
719 930 969 1029 Evangelium
1002 931 1093 1003 item
1126 931 1319 1028 proprium

217 1045 314 1119 illius
340 1047 415 1120 diei
439 1046 562 1145 lingua
588 1044 806 1137 remacubl3
831 1044 924 1119 fiant
949 1045 1224 1143 publicationes
1248 1069 1317 1142 pro

217 1160 463 1234 matrimoniis
481 1159 680 1254 habendis,
696 1184 765 1257 pro
784 1160 1029 1234 observandis
1048 1160 1154 1233 festis
1172 1159 1319 1253 diebus,

217 1287 283 1347 aut
302 1274 545 1373 jejuniomm,
562 1286 601 1349 et
618 1275 650 1349 si
669 1299 753 1371 quae
778 1274 852 1347 alia
877 1286 1083 1348 occurrunt
1109 1275 1156 1348 de
1183 1274 1318 1371 quibus

217 1389 429 1463 monendus
457 1402 518 1463 est
547 1389 719 1487 populus.
784 1388 935 1462 Deinde
967 1413 1092 1462 senno
1122 1388 1319 1482 habeatur,

217 1503 281 1599 qui
297 1503 382 1577 talis
401 1504 450 1577 sit
468 1528 516 1578 ex
534 1527 609 1599 quo
628 1513 667 1576 et
684 1502 822 1575 emdiri
845 1503 1038 1578 auditores
1057 1515 1096 1575 et
1113 1503 1319 1596 emendari,

217 1617 323 1691 etad
341 1619 426 1692 vitae
443 1617 670 1692 Christianae
686 1618 959 1714 perfectionem
977 1618 1135 1692 anunari
1160 1619 1316 1715 possint

216 1729 263 1803 In
288 1730 414 1806 officio
432 1732 704 1829 pomeridiano,
721 1730 914 1829 Vesperar,
930 1733 1051 1829 iisque
1069 1732 1195 1826 finitis,
1211 1732 1317 1805 Anti-

216 1845 344 1942 phona
373 1844 417 1918 Β.
446 1845 582 1919 Mariae
609 1845 774 1945 Virginis
804 1848 966 1945 tempori
996 1847 1149 1945 propria
1178 1847 1319 1921 debent

216 1960 376 2034 cantari:
403 1961 490 2034 dein
508 1950 619 2036 detur
644 1961 869 2036 Benedictio
887 1987 975 2037 curn
995 1963 1070 2036 SS.
1093 1962 1318 2036 Sacramen-

216 2085 270 2167 to,
299 2088 339 2148 et
366 2074 525 2149 solemni
558 2087 675 2150 cantu
704 2076 743 2149 in
772 2076 854 2174 ejus
884 2075 1081 2171 honorem,
1107 2100 1154 2150 ac
1182 2089 1318 2174 postea

216 2188 415 2263 instructio
440 2189 698 2264 catechistica
752 2190 974 2289 Optandum
992 2203 1052 2266 est
1069 2202 1111 2266 ut
1127 2192 1224 2265 inter
1240 2191 1317 2266 offi-

215 2303 277 2377 cia
304 2303 433 2401 hymni
460 2303 573 2400 aliqui
600 2316 668 2379 aut
694 2329 829 2402 preces
858 2306 982 2404 lingua
1007 2305 1206 2380 remaculh
1230 2328 1316 2380 can-

215 2427 352 2491 tentur.

269 2534 324 2604 18.
352 2530 426 2605 Ubi
443 2530 531 2606 verb
548 2533 681 2607 unicus
700 2544 760 2607 est
778 2533 973 2607 Sacerdos
987 2533 1050 2630 qui
1068 2533 1171 2608 solus
1189 2534 1316 2607 omnia

216 2659 386 2744 peragat,
419 2648 604 2745 expeditis
639 2649 955 2743 confessionibus,
983 2650 1232 2745 omnibusque
1266 2650 1316 2724 ad

217 2759 444 2835 sacrificium
479 2763 633 2859 paratis,
662 2764 797 2837 recitet
831 2763 961 2860 primd,
987 2763 1059 2837 nisi
1092 2764 1315 2838 assistentes

216 2886 372 2949 cantare
402 2875 516 2950 velint
544 2876 669 2976 linguai
697 2878 909 2972 vomaculb,
938 2878 1110 2951 Litanias
1144 2878 1202 2951 vel
1239 2878 1314 2952 SS.

216 2990 377 3064 nominis
393 2990 420 3062 J
422 3015 504 3085 esu,
520 2991 579 3064 vel
597 2991 855 3084 Lauretanas3
880 2992 1015 3088 quibus
1040 2990 1167 3085 finitis,
1185 3002 1224 3065 et
1240 2992 1317 3066 sac·

216 3104 252 3177 td
269 3105 489 3202 aspersione
514 3128 623 3203 aqua>
646 3106 870 3199 benedictae,
886 3105 1047 3179 Missam
1071 3105 1238 3203 incipiat,
1253 3130 1317 3204 pe-

217 3231 400 3316 ragatque
417 3243 538 3316 usque
561 3219 612 3293 ad
638 3218 906 3318 Evangelium3
931 3220 1069 3294 deinde
1085 3231 1216 3294 cetera
1233 3245 1315 3317 pro-

216 3345 409 3428 sequatur,
425 3333 480 3407 uti
497 3332 667 3430 superihs
690 3334 833 3407 dictum
857 3345 931 3408 est:
957 3358 1003 3409 ac
1029 3345 1117 3431 post
1141 3333 1316 3429 Missam,

217 3445 300 3542 ipso
326 3456 525 3543 praesente,
551 3447 674 3520 omnis
705 3449 951 3547 congregatio
980 3447 1153 3522 disturctd
1181 3449 1316 3523 recitet

217 3558 341 3659 linguai
369 3562 570 3635 remaculb
600 3562 809 3635 orationem
840 3562 1096 3657 Dominicam,
1125 3563 1316 3637 salutatio

218 3698 306 3747 nem
324 3673 564 3772 Argolicam,
581 3675 792 3772 symbolum
810 3675 1221 3774 Apostolomm,atque
1239 3662 1315 3752 Ac-

215 3800 277 3862 tus
305 3787 406 3882 fidei,
432 3789 515 3886 spei
543 3799 582 3862 et
612 3789 825 3884 charitatis,
860 3804 974 3888 atque
1004 3791 1058 3864 ita
1086 3804 1315 3866 conventum

215 3902 390 3996 dimittat,
406 3902 561 3976 retentis
579 3904 705 4000 pueris
724 3928 770 3980 ac
795 3907 950 3981 rudibus
968 3905 1155 4003 personis,
1172 3916 1214 3979 ut
1230 3905 1315 3979 illos

216 4016 265 4090 de
291 4017 489 4114 praecipuis
514 4015 604 4090 fidei
629 4018 815 4115 capitibus
840 4021 1047 4118 interrogat
1072 4043 1118 4094 ac
1143 4020 1314 4093 instruat

269 4134 324 4203 19.
351 4129 465 4205 Initio
495 4131 615 4205 nostri
646 4131 916 4232 Episcopatiis,
940 4135 1091 4209 beatam
1122 4132 1315 4231 Virginem

216 4242 378 4318 Mariam
392 4245 430 4319 in
444 4256 583 4320 nostra
600 4245 826 4320 Dioeceseos
845 4248 1052 4321 Patronem
1070 4248 1314 4345 principalem

215 4360 433 4435 ardentibus
448 4361 544 4435 votis
558 4362 880 4460 compellavimus,
892 4377 934 4438 ut
947 4365 1026 4461 ipsd
1044 4364 1316 4458 intercedente,
1355 4352 1359 4365 ’
