2820 5010
207 356 257 427 64
541 375 754 426 concrnruu
779 373 1009 427 rnnnnruun.

259 552 377 627 Haud
396 552 477 626 visa
493 562 552 625 est
573 551 750 649 expedire
768 550 912 626 erectio
929 575 1037 625 novae
1063 550 1179 624 Sedis
1206 549 1324 647 Epis-

208 667 353 764 copalis
389 691 457 764 pro
492 664 784 763 Wilmingtone:
818 663 959 762 placuit
994 689 1147 762 quoque
1177 663 1322 737 differri

210 781 441 856 erectionem
452 780 667 855 vicariatus
681 779 896 878 Apostolici
909 805 978 878 pro
995 780 1189 873 Fnonrnn,
1199 791 1320 877 atque

209 896 442 970 erectionem
460 894 807 993 Archiepiscopalis
827 893 942 969 Sedis
960 894 1241 970 Bostoniensis.

256 1009 424 1084 Demum
450 1009 553 1106 quod
576 1008 739 1106 pertinet
764 1008 814 1081 ad
840 1007 1008 1082 subsidia
1032 1032 1101 1107 pro
1124 1007 1319 1106 Episcopi

207 1123 484 1197 sustentatione
511 1121 736 1214 exhibenda,
755 1121 796 1196 S.
816 1122 862 1196 C.
881 1123 1052 1219 probavit
1076 1147 1161 1220 quse
1178 1148 1319 1222 sugge-

98 1238 103 1257 '
206 1237 398 1330 rebantur,
414 1234 586 1309 nimirum
603 1259 672 1333 pro
698 1260 800 1309 nunc
819 1233 993 1310 sufficere
1011 1234 1317 1310 declarationem

207 1351 335 1447 quoad
361 1349 643 1448 Episcoporum
662 1350 726 1448 jus
752 1348 801 1431 in,
816 1373 975 1447 gonere3
1000 1350 1128 1447 quoad
1154 1351 1316 1424 modum

207 1489 297 1539 vero
333 1466 590 1563 expectandos
621 1488 707 1540 esse
738 1464 1015 1561 propositiones
1050 1464 1315 1540 Conciliornm

206 1579 510 1655 Prouincialium.

258 1693 443 1792 Superest
470 1693 628 1791 proinde
659 1706 701 1767 ut
731 1693 952 1791 Amplitudo
983 1692 1072 1767 Tua
1100 1692 1316 1792 diligenter,

206 1809 486 1905 prudenterque
515 1806 598 1882 haec
629 1807 755 1882 omnia
784 1818 1004 1905 exequatur,
1032 1819 1145 1905 prout
1173 1819 1313 1882 cetera

207 1922 385 2022 Delegati
402 1922 617 2020 Apostolici
633 1947 702 2020 pro
721 1922 941 2021 gravissimo
959 1923 1033 1998 hoc
1051 1922 1205 2021 negotio
1225 1922 1314 1997 Ple

208 2037 322 2110 nariae
341 2036 490 2135 Synodi
507 2036 693 2111 hactenus
712 2036 838 2133 gessit.

257 2149 411 2244 Romae,
436 2175 484 2224 ex
509 2149 672 2225 AEdibus
699 2149 741 2223 S.
765 2150 813 2225 C.
840 2151 888 2224 de
915 2148 1171 2250 Propaganda
1197 2150 1314 2246 Fide,

193 2263 268 2340 ‘die
288 2269 338 2338 12
356 2265 521 2364 Augusti
541 2269 646 2339 1853.

516 2393 553 2467 J.
573 2393 648 2468 ΡΗ.
668 2393 790 2468 Cnnn.
810 2393 1115 2490 FRANSONI,
1132 2394 1257 2493 Praes.

683 2524 755 2598 An.
774 2524 972 2619 Bnnrmso,
988 2550 1014 2598 a
1031 2526 1207 2600 Secrctis.

210 2739 367 2809 Conington,
380 2738 449 2791 Rev.
464 2738 493 2791 P.
508 2737 624 2807 Georgio
644 2738 755 2803 Cnrrcll,
768 2739 797 2792 S.
809 2739 825 2791 J
829 2759 844 2806 .;
872 2739 987 2811 Quirwy,
1000 2739 1083 2792 Adm.
1097 2739 1167 2793 Rev.
1182 2740 1220 2794 D.
1232 2741 1312 2796 ,lose

204 2825 259 2893 pho
272 2824 407 2890 Melcher;
425 2824 617 2887 Notclritoclrcs‚
629 2824 712 2877 Adm.
726 2825 795 2877 Rer.
809 2825 844 2877 D.
857 2825 1013 2893 Augustino
1025 2824 1134 2877 Martio.

239 2909 363 2961 Rovmus
377 2909 411 2961 D.
425 2907 543 2961 Miclrnel
554 2909 710 2974 O’Connor‚
723 2927 739 2961 a
752 2909 819 2962 Sede
832 2909 1022 2980 Pittslrngerni
1034 2910 1067 2962 ad
1079 2927 1180 2963 noram
1194 2911 1312 2981 Episco

205 2991 295 3061 palem
316 2993 413 3044 Sedcm
434 2992 515 3055 nnn
537 2992 662 3047 Rcvmus
682 3011 745 3047 vero
767 2993 802 3047 D.
823 2994 940 3048 Jacobus
960 2995 994 3048 Ο,
1007 2994 1181 3049 Vondevolde
1201 3014 1218 3049 a
1238 2998 1311 3051 Scde

208 3077 388 3147 Clicngincrni
400 3077 432 3129 ad
445 3077 652 3142 thclreternem
665 3095 714 3131 suo
727 3090 830 3148 rogatu,
843 3078 959 3133 translati
972 3090 1043 3132 sunt.
1080 3080 1149 3133 Rev.
1162 3091 1257 3135 autem
1273 3083 1310 3137 D.

204 3163 288 3217 Josue
301 3163 342 3216 M.
354 3163 459 3232 Young
473 3164 674 3234 Pittsburgensis
688 3165 841 3234 Episcopus
853 3164 952 3219 electus
964 3177 1012 3220 est.

238 3250 361 3302 Rcvmus
384 3250 418 3302 D.
431 3251 550 3303 loannes
569 3251 658 3321 Lamy
675 3251 828 3320 designatus
847 3263 886 3305 est
906 3252 1059 3322 Episcopus
1082 3252 1111 3306 S.
1124 3251 1214 3319 Fidei,
1227 3255 1310 3326 cujus

202 3334 276 3403 prius
291 3344 344 3386 orat
357 3334 480 3387 Vicarins
493 3335 674 3403 Apostolicus

237 3420 361 3473 Revmus
382 3420 417 3472 D.
436 3420 538 3489 Joseph
555 3421 583 3473 S.
599 3420 735 3491 Alemany
754 3422 786 3475 ad
802 3439 902 3476 novam
919 3423 1017 3476 Sedem
1037 3422 1308 3494 Archiepiscopnlem

203 3503 232 3558 S.
245 3504 390 3568 marocci,
408 3505 436 3556 in
453 3504 607 3570 Calil'ornia,
620 3507 760 3560 translatus
773 3518 811 3560 est
826 3507 858 3560 ab
878 3506 1033 3578 Episcopali
1045 3507 1113 3560 Sede
1124 3507 1310 3582 Moruicregis,

202 3607 263 3657 quae
278 3590 346 3642 Rev.
360 3589 479 3643 Thadoeo
492 3590 576 3643 Amat
588 3590 621 3643 C.
635 3590 676 3643 M.
690 3591 786 3644 tributa
798 3602 846 3645 cst.

237 3675 357 3727 Demum
378 3675 523 3728 Vicariatui
543 3675 697 3743 Apostolico
716 3677 862 3730 Peninnrloe
884 3676 1028 3749 Superioris
1048 3676 1137 3731 Slalru
1159 3677 1309 3751 Micltigcn

202 3760 343 3829 praelectus
356 3771 395 3814 est
407 3761 490 3814 Adm.
504 3762 573 3814 Rcv.
588 3762 623 3815 D.
636 3762 791 3816 Frcdericus
803 3764 917 3832 Baraga.
