2820 5010
543 438 794 491 ruovntomrnr
821 440 859 490 11.
1173 419 1243 490 107

551 887 845 985 EPISTULA

150 1112 181 1162 8.
199 1110 529 1163 consuescimus
551 1112 602 1164 DE
626 1110 871 1164 morionum
902 1110 989 1161 FIDE
1017 1110 1066 1161 Ar>
1089 1111 1244 1161 lucinu-

429 1228 616 1279 PlSOOPUM
633 1226 962 1278 rinmuonsnsnn.

200 1395 325 1474 lumin
343 1424 389 1474 so
407 1388 552 1475 Rurirr
570 1398 747 1494 Domus,

225 1528 551 1606 ERSPICUUM
587 1554 800 1628 novumque
837 1528 1058 1628 Amplitudo
1095 1540 1174 1623 tua,
1206 1541 1245 1604 et

241 1642 426 1745 Episcopi
445 1644 660 1720 Foederatae
677 1643 866 1720 Americae
888 1644 1096 1719 dioecesum
1120 1644 1245 1718 edide-

152 1770 239 1833 runt
255 1759 510 1835 testimonium
533 1760 730 1861 singularis
747 1785 823 1858 quo
839 1771 1019 1858 praestent
1036 1783 1127 1858 erga
1143 1759 1245 1834 Reli-

122 1878 126 1885 '
152 1872 302 1971 gioncm
320 1875 472 1970 amoris,
487 1875 647 1951 alterum
663 1875 899 1951 Provinciale
926 1875 1138 1950 Concilium
1155 1900 1246 1974 prae·

151 1989 263 2064 terito
295 2014 427 2067 mense
462 1990 624 2068 Octobri
657 1990 853 2067 Baltimori
886 1991 1124 2066 celebrando.
1183 1991 1246 2066 Ea

152 2103 252 2178 enim
269 2105 408 2200 omnia,
424 2131 508 2206 quae
523 2106 574 2180 ibi
591 2117 700 2206 geste
716 2131 762 2182 ac
780 2117 922 2181 statuto
938 2117 1038 2200 sunt,
1054 2130 1102 2180 ex
1119 2107 1244 2180 studio

152 2219 325 2316 profectu
341 2245 427 2295 esse
451 2220 717 2320 intelliguntur,
733 2246 809 2318 quo
834 2244 967 2294 omnes
983 2219 1128 2295 incensi
1153 2218 1245 2294 estis

152 2332 341 2409 Ecclesiae
365 2334 532 2410 utilitatis
555 2335 817 2433 procurendae:
844 2334 995 2409 Sanus
1012 2335 1122 2409 Duus
1148 2334 1245 2409 Nos-

151 2460 210 2523 ter
228 2449 454 2525 Gnnoourus
478 2449 558 2524 ΡΡ.
576 2449 686 2544 XVI,
698 2449 847 2550 scriptis
864 2450 886 2524 ir
902 2475 944 2525 se
962 2450 1011 2524 ad
1028 2474 1096 2525 vos
1114 2450 1244 2525 litteris

152 2562 244 2657 suis,
260 2587 354 2661 ques
376 2563 462 2639 huic
484 2563 667 2662 Epistolae
687 2564 856 2662 adjectus
877 2563 1084 2662 reperietis,
1099 2564 1137 2637 id
1159 2587 1245 2638 auc·

151 2677 303 2752 toritete
328 2678 396 2752 sut
422 2689 604 2752 testatum
631 2678 755 2752 voluit
806 2676 920 2753 Nunc
950 2703 1076 2752 meum
1102 2689 1174 2771 est,
1200 2677 1242 2751 S.

153 2790 469 2891 congregationis
494 2791 658 2886 nomine,
678 2792 728 2867 ud
752 2816 820 2867 vos
846 2791 1024 2886 scribere,
1048 2803 1088 2865 et
1111 2801 1245 2865 vestrae

152 2905 276 2981 virtuti
291 2905 425 2980 iterium
441 2931 488 2981 ex
504 2905 631 2980 animo
652 2906 840 3005 gratulari,
857 2918 896 2981 et
912 2931 980 2980 cos
999 2905 1246 2980 observantiae

152 3045 289 3096 sensus
314 3021 550 3115 confirmare,
567 3021 700 3118 quibus
717 3045 785 3095 vos
811 3045 943 3094 omnes
968 3021 1017 3094 de
1042 3019 1245 3120 Religione

154 3135 292 3234 optime
309 3136 464 3211 meritos
475 3140 561 3235 Jure
579 3135 847 3233 prosequimur.
1137 3220 1140 3225 ⁸

203 3251 325 3327 Venio
351 3264 479 3326 autem
496 3252 546 3326 ed
571 3276 619 3326 ea
635 3276 719 3348 quae
742 3251 781 3326 in
798 3249 972 3326 Concilio
994 3249 1058 3324 illo
1084 3261 1246 3346 pertrec-

143 3375 245 3460 tata,
265 3377 305 3439 et
335 3364 448 3440 Sedis
476 3365 711 3464 Apostolicae
731 3364 876 3465 judicio
897 3363 919 3438 i
938 3363 1043 3438 vobis
1074 3364 1246 3462 subjecte

155 3490 252 3554 sunt
296 3478 485 3577 Equidem
502 3479 661 3554 arbitror
671 3481 752 3577 jum
769 3479 819 3554 cd
832 3477 1126 3576 Amplitudinem
1140 3490 1245 3552 tuam

154 3593 370 3691 pervenisse
397 3594 529 3669 Sacrae
554 3593 868 3693 congregationis
892 3592 1245 3691 epistolem,die17

154 3704 248 3781 Maii
264 3706 456 3806 scripturn,
473 3709 544 3805 qul
560 3706 697 3782 Brevia
714 3706 938 3806 Apostolica
958 3706 1247 3782 continebantur

154 3822 202 3896 de
228 3821 344 3896 Sedis
374 3820 614 3921 Episcopelis
640 3819 1013 3917 Vincennopolitunae
1043 3821 1247 3914 erectione,

154 3935 279 4034 deque
295 3933 347 4009 R.
366 3935 411 4009 P.
429 3936 479 4009 D.
499 3935 664 4009 Surorus
689 3934 822 4008 Bnurt
838 3935 888 4009 ed
912 3934 1015 4009 illum
1039 3933 1247 4032 Episcopa-

155 4062 236 4125 tum
253 4049 449 4126 electione.

202 4163 278 4238 His
308 4163 440 4239 litteris
469 4189 570 4239 nunc
604 4162 792 4261 adjectam
822 4161 987 4260 accipies
1021 4163 1140 4239 ssni
1170 4164 1248 4238 Dni

158 4275 288 4353 Nostri
305 4278 498 4352 Guuoonu
517 4277 596 4353 ΡΡ.
610 4276 707 4351 XVI
723 4275 872 4351 Bullcm
889 4277 1164 4375 Apostolum,
1177 4279 1249 4375 qui

160 4390 379 4469 Dioecesum
403 4392 569 4468 omnium
593 4392 631 4466 in
659 4389 836 4466 Americl
864 4388 1067 4467 Foederatt
1092 4391 1248 4466 existen-
