2820 5010
433 421 667 493 praessum,
693 421 793 473 nuno
820 420 889 473 rm.
1168 403 1211 475 17

364 650 414 700 DE
442 649 691 702 SACRAMENTO
718 651 959 701 Marnintonn.

165 828 221 901 14
248 825 348 901 Vaor
375 838 414 901 et
438 827 626 926 peregrini
651 827 700 900 ad
725 828 1003 902 matrimonium
1021 851 1098 902 non
1124 842 1211 902 sunt

110 940 347 1034 admittendi,
362 941 435 1015 nisi
460 952 548 1039 post
573 954 650 1014 tres
669 941 941 1038 publicationes
959 941 1081 1016 factas
1101 943 1212 1040 juxta

110 1057 373 1154 praescriptum
399 1056 550 1131 concilii
576 1055 802 1149 Tridentini,
832 1069 871 1129 et
896 1059 1103 1153 praesertim
1138 1057 1210 1130 nisi

110 1169 367 1245 testimonium
393 1170 543 1259 omnind
569 1169 759 1244 sufficiens
784 1170 984 1245 habuerint
1006 1170 1210 1244 aPastori-

110 1284 183 1357 bus
207 1285 284 1359 loci
308 1284 410 1360 unde
436 1284 706 1378 discesserunt,
722 1284 826 1381 ipsos
852 1285 1042 1383 conjugali
1059 1286 1209 1359 vinculo

111 1397 250 1473 liberos
276 1423 374 1472 esse.

164 1517 220 1586 15.
246 1511 384 1587 Nullus
410 1513 460 1589 ad
485 1512 761 1588 matrimonium
788 1513 1007 1587 admittatur
1032 1513 1096 1610 qui
1123 1513 1211 1587 doc-

111 1626 249 1701 trinam
274 1627 530 1702 Christianam
555 1639 622 1702 aut
650 1628 871 1726 principalia
895 1628 1007 1702 Fidei
1032 1628 1211 1726 mysteria

110 1741 269 1840 ignorat
321 1742 399 1817 Hic
429 1756 557 1821 tamen
581 1768 630 1817 ex
655 1744 818 1817 concilio
848 1744 1014 1840 quodam
1045 1743 1208 1817 Limane

111 1856 329 1931 addendum
356 1859 529 1932 duximus
548 1883 711 1955 sequens
730 1859 925 1932 decretum
943 1859 1045 1955 quod
1063 1858 1148 1931 usui
1171 1870 1210 1933 et

112 1972 287 2046 solamini
304 1972 505 2070 aliquandi)
518 1973 589 2048 erit
601 1973 809 2047 animarum
827 1974 1061 2047 curatoribus
1080 1974 1117 2046 in
1135 1972 1208 2047 hac

112 2084 297 2180 Dioecesi,
313 2087 376 2160 ubi
403 2087 509 2162 multi
536 2100 623 2160 sunt
650 2088 748 2161 servi
775 2086 947 2162 Africani
973 2091 1028 2184 (ut
1054 2088 1101 2161 de
1128 2086 1209 2160 aliis

112 2205 325 2298 taceamus)
339 2201 402 2299 qui
419 2201 530 2275 variis
545 2201 592 2276 de
610 2203 737 2276 causis
755 2200 885 2298 panim
903 2203 951 2276 de
969 2203 1082 2298 rebus
1098 2201 1210 2274 Fidei

113 2314 246 2389 instrui
262 2326 432 2413 possunt.
483 2315 621 2414 Agitur
634 2317 733 2390 enim
751 2316 788 2388 in
806 2315 880 2389 hoc
898 2316 1053 2389 decreto
1073 2316 1121 2389 de
1138 2315 1210 2389 illis

112 2426 327 2504 bominibus
345 2430 409 2528 qui
427 2429 637 2503 doctrinam
664 2429 920 2504 Christianam
938 2430 1048 2528 juxta
1065 2430 1210 2504 metho-

114 2544 205 2619 dum
230 2544 304 2641 qub
328 2545 375 2617 ab
402 2543 483 2617 aliis
509 2543 701 2617 memoriae
726 2545 939 2639 mandatur,
962 2545 1065 2618 nullo
1094 2544 1208 2618 modo

113 2658 315 2733 addiscere
333 2659 470 2752 valent,
487 2658 536 2731 ad
554 2672 794 2733 sacramenta
810 2671 938 2733 tamen
954 2660 1154 2754 accedere,
1171 2671 1211 2734 et

114 2772 308 2871 signanter
331 2773 609 2847 matrimonium
639 2774 863 2848 contrahere
889 2774 1062 2870 cupiunt3
1096 2786 1210 2870 atque

115 2885 170 2959 ita
185 2910 274 2961 cum
290 2887 335 2960 iis
353 2888 542 2985 agendum
560 2888 750 2963 statuitur:
784 2887 896 2969 “Qui
912 2887 1000 2962 verb
1024 2888 1069 2961 iis
1095 2888 1209 2961 tantis

114 3000 421 3098 “impedimentis
447 3002 590 3099 gravati
615 3002 764 3095 fuerint,
780 3015 822 3076 ut
842 3002 1093 3099 copiosiorem
1111 3014 1211 3075 cate

115 3114 291 3190 “chesim
316 3140 393 3189 non
418 3116 629 3209 admittant,
646 3117 855 3189 doceantur
880 3114 1030 3188 dembm
1053 3140 1122 3213 pro
1140 3140 1211 3190 suo

81 3230 261 3306 ·“modo
295 3229 485 3328 praecipua
517 3229 606 3304 fidei
636 3229 774 3326 capita,
803 3228 949 3303 scilicet
978 3254 1094 3302 unum
1123 3254 1210 3304 esse

114 3343 273 3418 “Deum
287 3345 453 3418 omnium
466 3369 590 3419 rerum
604 3357 811 3437 auctorem,
824 3345 888 3442 qui
904 3346 954 3419 ad
972 3369 1013 3418 se
1028 3345 1212 3419 acceden-

114 3465 204 3533 “tes
234 3459 308 3532 vital
336 3459 474 3533 aeternb
507 3471 734 3553 remuneret,
762 3459 954 3556 improbos
984 3470 1023 3533 ct
1052 3458 1211 3533 rebelles

115 3574 295 3648 “aetemis
322 3573 518 3672 suppliciis
538 3575 576 3647 in
600 3574 673 3647 alio
697 3575 829 3648 seculo
857 3574 996 3671 puniat.
1048 3574 1213 3668 Deinde,

115 3687 246 3763 “hunc
265 3689 388 3786 ipsum
404 3687 533 3762 Deum
551 3712 651 3782 esse,
663 3688 818 3763 Patrem
833 3700 871 3761 et
888 3688 1026 3762 Filium
1041 3699 1080 3762 et
1098 3688 1213 3785 Spiri-
1277 3678 1286 3689 ’

114 3808 225 3877 “tum
259 3815 446 3897 sanctum,
479 3816 556 3876 tres
587 3803 739 3899 quidem
772 3826 969 3900 personas,
998 3803 1067 3876 sed
1096 3826 1213 3875 unum

115 3916 272 3991 “Deum
286 3941 425 3992 verum.
470 3917 675 4009 Praeterea,
688 3917 827 3991 Filium
841 3917 929 4009 Dei,
942 3929 1096 4015 propter
1109 3940 1213 4014 repa-

114 4033 302 4107 “randam
333 4031 493 4107 salutem
524 4031 730 4123 hominurn,
763 4030 906 4105 factum
940 4031 1131 4105 hominem
1166 4054 1213 4105 ex

115 4147 300 4246 “Virgine
326 4146 460 4241 Maria,
477 4172 546 4244 pro
564 4146 672 4220 nobis
699 4170 854 4243 passum
872 4158 911 4218 et
932 4156 1140 4236 mortuum,
1166 4168 1213 4219 ac

116 4263 299 4336 “tandem
317 4263 582 4353 resurrexisse,
596 4273 635 4333 ot
652 4285 810 4358 regnare
833 4261 870 4333 in
888 4272 1085 4333 aetornum:
1112 4260 1213 4334 hunc

116 4381 231 4451 “csso
243 4376 379 4450 Jesum
394 4377 588 4451 Christum
605 4376 812 4451 Dominum
826 4386 863 4448 et
879 4374 1116 4448 Salvatorem
1130 4399 1214 4447 nos-

265 4492 288 4562 3
