2820 5010
510 424 682 477 SYNODUS
708 425 1005 479 Bnurinoaunffis

458 910 635 973 snssro
663 885 830 971 rus-ure
849 912 868 971 e
888 909 1071 970 uomet.

456 1114 506 1164 DE
533 1112 780 1165 SACRAMENTO
807 1111 1064 1163 POENITENTIAE.

267 1293 322 1362 ll.
349 1288 424 1363 UT
449 1288 523 1363 hoc
549 1300 802 1382 sacramento,
827 1286 929 1384 quod
957 1286 1136 1393 sanandis
1165 1285 1308 1363 consci-

214 1404 399 1478 entiarum
416 1403 628 1476 vulneribus
645 1414 724 1475 tarn
741 1401 939 1476 salubriter
956 1400 977 1473 ὲ
995 1400 1149 1475 Christo
1168 1402 1309 1475 institu-

215 1529 294 1591 tum
308 1516 389 1610 fuit,
401 1516 561 1615 imperiti
579 1528 644 1590 aut
660 1516 800 1614 indigni
818 1515 1027 1612 presbyteri
1040 1513 1089 1587 ad
1103 1515 1309 1589 animarum

216 1631 420 1728 perniciem
437 1656 513 1704 non
531 1631 743 1723 abutantur,
755 1630 996 1728 prohibemus
1015 1629 1084 1703 sub
1102 1630 1212 1726 poend
1232 1653 1310 1702 sus-

214 1744 405 1841 pensionis
432 1746 479 1819 ab
505 1744 607 1818 omni
632 1744 813 1817 exercitio
840 1742 995 1817 Ordinis
1020 1745 1107 1841 ipso
1121 1738 1238 1840 facto
1258 1743 1310 1816 in·

214 1858 423 1952 currendae,
439 1872 478 1933 et
494 1859 603 1932 nobis
622 1868 835 1949 reservatae,
851 1882 899 1930 ne
917 1857 1000 1954 quis
1020 1856 1213 1930 Sacerdos
1232 1856 1310 1930 sive

215 1972 409 2066 secularis,
422 1973 499 2046 sive
520 1971 713 2070 regularis,
730 1970 875 2044 anobis
893 1983 959 2044 aut
975 1970 1162 2046 aVicario
1179 1982 1310 2044 nostro

214 2086 381 2185 generali
406 2087 455 2161 ad
481 2086 723 2185 excipiendas
749 2084 1010 2159 confessiones
1032 2109 1109 2158 non
1129 2087 1310 2183 approba-

214 2211 289 2293 tus,
305 2213 371 2274 aut
388 2201 496 2299 cujus
522 2199 743 2297 approbatio
769 2212 949 2272 revocata
972 2198 1096 2292 suerit,
1112 2198 1162 2272 illi
1187 2199 1311 2272 minis-

214 2315 309 2388 terio
328 2339 371 2389 se
388 2315 559 2414 ingerere
584 2324 799 2412 praesumat,
820 2326 926 2387 extra
950 2337 1082 2388 casum
1107 2313 1311 2387 necessita·

215 2429 273 2503 tis.
335 2428 551 2527 Intelligant
580 2428 692 2501 etiarn
726 2426 881 2501 Fideles
914 2427 979 2524 qui
1011 2427 1061 2501 ad
1095 2425 1310 2526 hujusmodi

216 2544 439 2618 Sacerdotis
464 2541 710 2615 ministerium
735 2541 974 2635 recurrerint,
990 2566 1076 2615 sese
1098 2542 1309 2618 nullatenus

215 2657 422 2756 apeccatis
436 2657 513 2731 suis
531 2654 725 2730 absolutos
744 2655 873 2749 fuisse,
886 2655 955 2729 sed
973 2654 1177 2729 etiamnum
1194 2680 1312 2729 rema-

214 2797 305 2847 nere
332 2770 515 2846 obnoxios
542 2770 647 2843 oneri
672 2768 736 2843 illa
760 2769 894 2844 iterim
921 2770 959 2843 in
986 2770 1160 2844 tribunali
1187 2770 1312 2845 Poeni·

215 2887 344 2962 tentiae
376 2885 485 2960 alteri
519 2884 723 2958 Sacerdoti
758 2883 920 2982 legitime
955 2886 1165 2981 approbato
1200 2910 1312 2985 expo·

215 3002 339 3077 nendi.

267 3119 322 3189 12.
350 3113 602 3188 Prohibemus
629 3112 743 3186 etiarn
769 3113 838 3186 sub
857 3112 966 3209 poend
983 3113 1242 3211 suspensionis
1259 3114 1311 3189 in-

215 3229 400 3328 fligendae,
424 3227 587 3325 nequis,
612 3226 742 3299 relicti
767 3226 1075 3325 congregatione
1101 3227 1183 3324 ejus
1208 3253 1311 3303 curae

215 3342 429 3433 commissi,
445 3343 494 3415 ad
513 3341 625 3415 aliam
643 3365 686 3413 se
703 3340 919 3434 transferat,
931 3341 1040 3414 nobis
1058 3366 1134 3414 non
1153 3366 1311 3416 consen·

215 3456 407 3549 dentibus,
424 3468 462 3529 et
487 3456 526 3528 in
543 3456 589 3528 ed
605 3454 737 3528 sedern
755 3454 884 3554 figere,
901 3466 940 3529 et
959 3477 1117 3529 munera
1141 3455 1311 3552 parochi-

215 3568 289 3643 alia
314 3593 495 3668 peragere
521 3581 742 3667 praesumat.—

374 3851 423 3901 ΒΕ
451 3850 697 3900 SACRAMENTO
725 3850 913 3900 EXTREMAE
940 3851 1153 3902 Unculonls.

267 4029 322 4100 13.
350 4026 550 4101 Consi-unu
570 4026 683 4101 debet
704 4027 777 4101 hoc
796 4038 1074 4101 sacramentum
1092 4028 1205 4102 etiam
1224 4052 1312 4127 pue-

214 4142 265 4215 ris
279 4141 336 4214 vol
354 4140 486 4238 puellis
504 4141 541 4214 in
554 4140 712 4214 articulo
726 4142 856 4214 mortis
870 4142 1097 4234 constitutis,
1110 4142 1141 4216 si
1155 4143 1311 4218 rationis

215 4281 324 4330 usum
342 4256 544 4355 attigerint,
560 4256 613 4329 ita
630 4267 670 4331 ut
688 4257 835 4354 peccati
853 4280 1016 4353 capaces
1036 4257 1119 4331 sint.
