2820 5010
187 346 239 419 'll
517 366 638 421 ranna
663 366 955 419 airnianrroas.

188 540 315 615 mura
322 542 405 617 aaa,
422 542 549 599 arf-na
566 542 693 599 emmiu.
712 542 741 599 a
757 540 882 599 summm
901 541 1055 609 amima,
1071 552 1099 597 et
1118 539 1200 597 nen
1220 538 1295 593 aa·

173 710 176 715 ’
192 627 503 787 &ailwium
513 714 660 771 aarum
670 712 841 769 ananum
852 712 988 780 ama,
999 712 1043 769 aa.

193 960 353 1033 Manu
363 963 489 1033 quadarn
500 964 571 1019 circa
581 980 651 1033 quae
658 864 773 1019 Conccilu
783 963 874 1036 opinio
885 980 902 1018 a
913 963 943 1019 S.
955 962 1025 1017 Sede
1036 958 1170 1033 poatuhta
1182 968 1236 1023 est,
1247 956 1293 1011 24.

725 1108 754 1164 R

190 1202 302 1276 Romala
314 1205 343 1261 in
355 1205 603 1277 congregationibus
613 1217 670 1262 tam
681 1208 791 1279 privatis
802 1224 886 1277 quam
898 1206 1011 1279 publicis
1021 1203 1168 1270 manda,
1183 1201 1227 1257 10.

191 1288 345 1347 nasama
352 1290 386 1346 ab
392 1291 523 1365 episcopia
531 1292 669 1359 servanda,
676 1310 825 1363 eorumque
832 1291 1079 1361 absentiaaquibus
1087 1288 1238 1362 probanda,
1247 1287 1293 1341 40.

189 1374 297 1433 Ritaale
313 1377 463 1433 muman
481 1388 605 1434 accurate
626 1380 800 1447 serrandum,
817 1379 1021 1439 tt-Questio
1041 1376 1157 1448 agitatur
1175 1373 1245 1445 quid
1263 1374 1293 1427 in

260 1462 383 1533 proxima
404 1464 521 1520 Ritualia
537 1464 651 1521 editione
670 1465 703 1521 ait
721 1466 893 1532 mutandum,
908 1464 952 1521 vel
972 1463 1134 1529 addendum,
1153 1460 1292 1516 31.-Sed

260 1546 326 1601 nihil
337 1565 370 1602 ea
380 1548 414 1602 de
424 1566 453 1604 re
463 1559 604 1617 statutum,
615 1548 659 1605 35.

191 1784 339 1844 Madau
357 1790 420 1861 vagi
437 1800 464 1844 et
486 1790 569 1861 ignoti
589 1791 688 1863 quibua
700 1792 893 1848 conditionibus
911 1792 940 1847 in
958 1791 1023 1847 alias
1041 1791 1169 1846 dioecescs
1192 1788 1292 1843 admit-

259 1874 343 1941 tendi,
353 1874 397 1931 46.

193 1958 293 2017 Mala
305 1961 338 2015 ad
349 1962 522 2017 erudiendam
536 1962 709 2035 juventutem
719 1962 861 2034 erigenda,
872 1979 934 2033 qua
946 1961 1095 2031 unicuique
1105 1959 1225 2015 eccleaiae
1237 1958 1294 2013 sint

262 2063 387 2114 arrnexoe,
399 2048 443 2104 47.

193 2126 271 2183 Sedes
287 2130 453 2205 praopales
463 2134 588 2202 quadam
599 2134 746 2204 eriguntur,
757 2130 871 2187 aliarmn
888 2148 951 2186 vero
962 2130 1056 2185 erectio
1067 2130 1197 2195 differtur,
1208 2128 1294 2185 63.-

260 2213 408 2273 Quomodo
420 2217 454 2271 de
465 2235 598 2273 novarum
615 2217 727 2272 Sedium
738 2217 878 2282 erectione,
889 2227 917 2271 et
933 2215 1133 2288 Episcoporum
1144 2214 1292 2269 nominati-

130 2344 135 2355 .
262 2315 323 2365 one,
335 2314 427 2355 actum
439 2300 556 2357 fueritin
568 2302 700 2368 Concilio,
711 2301 739 2357 9.

193 2380 342 2439 &mnata
359 2384 535 2443 ecclaiaitica.
571 2388 667 2442 Unum
684 2386 779 2443 saltem
796 2386 825 2441 in
843 2403 1009 2456 unaquaque
1028 2385 1168 2441 Provincia
1185 2384 1293 2455 erigen-

261 2470 339 2536 dum,
350 2470 588 2527 47.-Studiorum
606 2472 770 2529 curriculum
786 2490 834 2544 pro
852 2472 891 2529 eis
907 2471 1069 2527 describendi
1086 2488 1189 2527 munus
1207 2470 1294 2527 tribus

261 2555 381 2611 Patribus
392 2556 577 2623 demandatur,
589 2557 632 2612 37.

191 2639 331 2712 Sepultura
337 2640 504 2696 ecclesiactica
514 2642 831 2711 denegandaiisquorum
839 2659 949 2713 corpora
957 2641 1294 2713 sepeliunturincoemete

261 2726 304 2780 riis
317 2738 460 2792 scotamm,
472 2726 516 2782 vel
528 2726 655 2797 profanis,
668 2729 776 2795 quando
788 2728 885 2781 adsunt
897 2726 1048 2781 coenreteria
1059 2726 1199 2792 catholica,
1212 2728 1257 2781 44.

193 2809 306 2865 Societas
323 2812 357 2864 ad
374 2812 576 2881 propagandam
587 2812 668 2866 fidem
681 2813 708 2867 in
721 2812 762 2867 bis
777 2812 922 2867 Provinciis
934 2813 1108 2877 extendenda,
1119 2812 1294 2866 dil-Some

261 2905 342 2949 tatem
354 2896 387 2949 ad
405 2894 546 2951 catholicus
558 2897 661 2952 scholas
674 2898 869 2963 sustentandae,
879 2898 1041 2966 alteramque
1053 2897 1086 2951 ad
1094 2897 1157 2968 jura
1168 2896 1294 2952 fidelium

261 2981 368 3046 tuenda,
381 2980 515 3035 instituere
527 2983 650 3037 abnuunt
661 2983 762 3049 Patres,
774 2984 818 3038 37.

193 3065 306 3120 Socictm
313 3064 451 3137 juventuti
463 3066 598 3121 catbolicae
612 3067 699 3121 amica
711 3066 843 3135 laudatur,
858 3068 898 3121 13.

194 3150 323 3206 Sadalam
335 3169 445 3222 precum
458 3169 506 3223 pro
518 3152 725 3207 acatholicorum
737 3153 907 3207 conversione
919 3152 1072 3217 instituitur,
1083 3152 1128 3217 49,
1140 3152 1184 3207 59.

194 3236 375 3309 Superioiibca
386 3237 520 3292 Ordinum
531 3250 557 3292 et
569 3239 815 3311 Congregationum
832 3239 1014 3309 religiosarum
1026 3239 1152 3311 competit
1165 3238 1214 3310 jus
1226 3257 1296 3294 non-

262 3321 313 3376 nisi
324 3321 508 3377 couaultirum
519 3323 547 3378 in
559 3325 806 3396 congregationibus
819 3323 941 3396 publicis,
953 3324 997 3380 26.

724 3472 750 3527 T

195 3571 297 3627 litatae
316 3572 350 3626 ad
370 3589 459 3627 sacros
471 3572 575 3627 ordines
587 3573 652 3628 adeo
664 3574 838 3641 necessarius,
850 3585 890 3640 ut,
901 3591 933 3628 co
946 3573 1092 3639 deficiente,
1105 3572 1243 3628 ordinatus
1259 3592 1293 3628 co

259 3657 318 3727 ipso
330 3675 478 3727 suspensus
489 3657 658 3728 intelligatur,
670 3659 868 3714 62.—Potcstas
886 3658 1022 3713 ordinandi
1034 3658 1067 3712 ad
1078 3657 1186 3712 titulum
1203 3661 1294 3713 missi-

259 3742 318 3797 onis
330 3743 357 3797 in
370 3742 413 3796 hia
424 3742 571 3798 Provinciis
583 3743 617 3798 ad
635 3744 853 3812 quinquennium
864 3762 881 3799 a
892 3744 934 3798 dic
948 3742 959 3797 l
974 3743 990 3799 J
993 3742 1095 3798 aunarii
1115 3743 1182 3798 1853
1194 3762 1291 3799 conce

260 3828 340 3893 ditur,
352 3828 396 3881 58.

729 3973 755 4026 V

195 4069 381 4126 Viaceanenria
393 4071 546 4143 Episcopus
559 4084 664 4141 propter
676 4072 806 4141 legitimas
819 4090 941 4129 causasti
953 4073 1075 4129 Concilio
1087 4073 1191 4131 absens.
1205 4074 1231 4128 Β.

616 4277 748 4313 ΕΧΡῙᾸῸΙΤ
767 4278 863 4313 INDEX.
