2820 5010
537 413 790 466 rnovrncnus
817 414 866 464 iv.
1184 392 1255 464 197

153 590 418 690 sublatumque
435 589 560 685 fuerit,
575 592 635 665 vel
658 591 785 666 adhuc
809 601 1044 687 persevcret3
1069 601 1108 664 et
1131 591 1256 689 posito
1394 646 1397 651 -

153 705 253 802 qudd
264 705 625 805 perseveretutrdm
636 706 685 780 ad
696 729 829 781 omnes
841 704 1057 779 Foedcratae
1068 706 1259 781 Americae

154 820 473 919 Septentrionalis
497 820 700 896 Dioeceses
723 820 961 914 extendatur,
984 831 1023 894 et
1048 820 1257 918 pertineat?

201 939 237 1009 7.
267 934 402 1011 Utrum
418 935 457 1009 in
471 934 747 1010 Anniversariis
761 933 976 1010 Creationis
994 947 1034 1009 et
1047 936 1259 1011 Consecra-

151 1047 265 1124 tionis
292 1049 442 1125 Summi
466 1048 678 1142 Pontificis‚
701 1073 769 1146 pro
794 1061 967 1147 tempore
991 1049 1197 1148 regnantis,
1219 1050 1258 1123 in

152 1164 327 1241 univers&
339 1165 517 1242 Ecclesid
529 1166 605 1241 dici
618 1166 757 1240 debeat
769 1166 828 1239 vel
841 1166 962 1263 possit
973 1165 1012 1240 in
1029 1165 1151 1240 Missi
1163 1165 1260 1240 Ora-

153 1279 222 1375 tio,
235 1281 349 1356 Deus
366 1280 727 1378 ommamfidelium
736 1308 749 1370 ;
770 1291 810 1354 et
827 1280 1012 1378 quatends
1030 1280 1260 1375 affirmative,

154 1417 217 1498 an¹
231 1394 315 1471 hooc
334 1394 469 1471 Oratio
487 1395 651 1472 dicendo
667 1394 717 1469 sit
733 1394 847 1470 otiam
870 1395 908 1470 in
929 1395 1057 1470 Fastis
1076 1395 1204 1494 primae
1220 1406 1260 1471 ot

156 1511 340 1587 secundae
355 1510 514 1592 classis?

206 1623 332 1700 Effius
355 1625 483 1724 itaquo
504 1649 551 1701 ac
574 1624 750 1700 Rorffius
773 1624 824 1699 D.
844 1623 1056 1700 cardinalis
1075 1625 1260 1701 Cinorus

156 1736 294 1813 Marus
318 1739 515 1837 Psorcrnr,
531 1739 750 1838 Episcopus
775 1738 1020 1813 portuens,
1045 1738 1199 1814 Rufinae
1221 1751 1261 1814 et

157 1854 521 1949 Centumcellarum,
548 1854 590 1929 S.
619 1853 810 1929 Romanae
836 1852 1025 1929 Ecclesiae
1051 1852 1261 1929 Vico-Can·

155 1967 345 2064 cellarius,
361 1979 402 2044 et
425 1969 633 2045 Sacrorum
658 1968 819 2043 Rituum
837 1969 1136 2068 congregationi
1160 1969 1261 2045 Prae

156 2082 297 2177 sectus,
312 2082 442 2182 rigore
465 2083 689 2159 facultatum
715 2082 785 2157 sibi
809 2082 1024 2180 specialiter
1049 2085 1096 2158 ab
1123 2084 1260 2158 eodem

158 2197 259 2274 Sffio
284 2198 374 2274 Duo
399 2198 545 2274 Nostro
569 2199 803 2291 tributarum,
819 2198 992 2274 omnibus
1009 2211 1159 2275 maturo
1176 2224 1262 2276 exa·

157 2312 260 2389 mino
277 2312 433 2407 libratis,
449 2312 605 2388 rescribi
622 2311 828 2386 mandavit:

209 2426 275 2503 Ad
295 2433 327 2501 1.
355 2426 537 2502 Servetur
554 2427 636 2502 dies
652 2425 917 2525 Martyrologii
933 2425 1111 2501 Romani.

207 2542 276 2618 Ad
295 2545 322 2617 2
344 2553 384 2616 et
401 2545 434 2615 3.
452 2541 516 2616 De
535 2542 577 2615 S.
595 2540 743 2615 Irenaeo
760 2540 919 2635 tannim,
931 2565 1019 2616 oum
1036 2541 1261 2618 lectionibus

159 2657 321 2733 secundi
336 2655 526 2732 Noctumi
542 2655 759 2754 adprobatis
777 2655 838 2731 die
856 2660 905 2730 27
923 2655 1063 2754 Aprilis
1085 2658 1190 2730 1784.
1343 2654 1349 2665 '

209 2772 277 2846 Ad
293 2775 329 2847 4„
354 2771 381 2845 J
383 2796 445 2846 am
463 2771 663 2870 provisum.

210 2886 278 2962 Ad
289 2892 322 2960 5.
335 2884 737 2979 Affirmativd,etintra
749 2884 1095 2984 Quadragosimam
1106 2883 1261 2958 tantdm.

209 3000 277 3076 Ad
294 3004 328 3074 6.
355 3000 586 3075 Praecedcns
610 2999 802 3074 Indultum
819 3011 949 3074 manet
970 2999 1008 3073 in
1026 3024 1097 3073 suo
1113 3000 1264 3094 robore,

162 3139 235 3191 uec
253 3115 408 3191 extendi
425 3128 552 3213 potest
569 3115 650 3189 sine
667 3116 764 3188 novi
780 3113 1041 3189 concessione.

211 3228 277 3304 Ad
293 3234 329 3304 7.
357 3229 534 3305 Collecta
560 3255 629 3328 pro
656 3229 817 3303 Summo
847 3227 1037 3302 Pontifice
1066 3227 1105 3301 in
1131 3227 1263 3303 diebus

165 3343 378 3419 Orestionis
396 3357 436 3419 et
459 3343 727 3419 Coronationis
751 3343 826 3417 dici
852 3343 978 3436 debet,
994 3355 1034 3416 et
1059 3344 1128 3417 sub
1155 3342 1264 3418 anicla

163 3458 409 3533 conclusione
425 3458 464 3533 in
482 3457 692 3556 duplicibus
709 3458 889 3533 socundae
907 3457 1063 3532 Classis.

211 3572 289 3647 Dio
305 3577 357 3648 22
372 3572 469 3647 Maii
488 3574 594 3647 1841.

263 3734 309 3811 C.
327 3734 383 3809 M.
402 3735 472 3810 Er.
491 3734 690 3808 Porrunu.
708 3734 830 3810 Clau.
850 3734 1094 3829 Psmcnws,
1105 3737 1143 3811 S.
1156 3737 1202 3812 R.
1216 3738 1262 3812 Ε.

318 3849 702 3942 Viae-camelarios,
719 3849 756 3923 S.
775 3849 822 3923 R.
846 3850 885 3923 0.
906 3849 1134 3948 Praefectus

484 4013 514 4088 Ι.
533 4012 579 4087 G.
599 4012 758 4107 Fnrnn,
775 4012 813 4086 S.
832 4013 877 4087 R.
902 4013 942 4087 0.
962 4015 1212 4091 Secretorius.
