2820 5010
153 358 230 430 272
439 378 653 431 concinium
678 378 969 431 uuunuuounnsu

363 684 517 746 TERTIA
538 684 837 747 CONGREGATIO
858 684 1048 747 PUBLICA.

205 898 350 1088 {lunen
363 900 425 976 die
438 904 475 996 9,
488 900 616 976 habitu
628 912 688 976 est
700 899 812 977 tertia
822 900 1084 1017 congregotio
1097 900 1246 1000 publicu,

155 1025 198 1089 ut
242 1014 305 1089 eri.

520 1242 660 1305 susslo
681 1242 890 1305 SECUNDA.

204 1452 283 1528 Diu
304 1457 351 1527 10
362 1452 470 1548 Maii,
487 1453 700 1549 horinont,
716 1465 805 1553 post
817 1464 1108 1530 sacrosanctum
1124 1453 1250 1530 Misce

156 1567 396 1643 Sacrificium
413 1592 481 1667 pro
503 1566 708 1668 Episcopis
729 1568 945 1643 Foederetae
961 1567 1156 1645 Americae
1172 1568 1251 1645 sn-

154 1694 274 1777 tuum,
290 1682 355 1781 qui
379 1683 427 1757 ab
452 1681 584 1757 ultimo
609 1682 783 1758 Concilio
808 1683 859 1756 ad
884 1682 985 1758 hanc
1009 1706 1133 1781 usque
1156 1682 1251 1759 diem

154 1795 176 1872 ὲ
189 1796 262 1871 vitu
274 1796 547 1890 discesserunt,
558 1796 597 1871 in
614 1796 792 1872 Ecclesii
807 1796 1140 1895 Metropolitum
1155 1796 1252 1873 Rev·

154 1917 219 1985 ino
236 1911 286 1984 D.
305 1909 501 2010 Episcopo
519 1909 749 2005 Mobiliensi‚
760 1911 881 1986 altero
899 1935 947 1986 ex
963 1909 1250 1988 Promotoribus

155 2023 330 2118 concilii,
355 2024 573 2100 solemnitor
600 2025 845 2121 celebratum,
869 2025 1097 2102 concionem
1126 2025 1252 2102 habuit

155 2137 329 2213 Revsnus
340 2139 390 2212 D.
405 2139 604 2235 Puncunu,
614 2138 831 2240 Episcopus
846 2140 1170 2219 Cincinnatensis:
1183 2142 1251 2242 qul

154 2253 269 2347 finiot,
285 2253 577 2330 Absolutionem
600 2254 810 2330 solemnem
833 2255 884 2331 ud
909 2256 1090 2333 Castrum
1113 2256 1249 2334 doloris

154 2367 429 2444 fecitRevffius
441 2368 490 2444 D.
503 2368 828 2470 Archiepiscopus
845 2369 1146 2447 Baltimorensis.
1178 2371 1250 2447 De·

154 2481 255 2577 inde,
266 2482 465 2581 postquam
478 2483 620 2558 Revni
636 2483 726 2559 DD.
741 2483 926 2584 Episcopi
942 2485 1102 2584 pluviale
1118 2484 1248 2562 induis-

155 2607 252 2692 sent,
276 2597 405 2672 habita
433 2609 493 2673 cst
523 2599 657 2674 Sessio
685 2600 868 2694 secunda,
886 2600 997 2700 juxta
1025 2600 1246 2675 sormamin

154 2711 369 2787 Pontificali
390 2712 570 2787 Romano
589 2713 859 2813 praescriptam.

350 2957 523 3030 QUARTA
546 2958 844 3020 CONGREGATIO
866 2959 1055 3020 PUBLICA.

203 3172 346 3246 Eunun
365 3172 425 3247 die
446 3177 503 3266 10,
515 3172 606 3246 hori
622 3174 753 3269 quarti
770 3173 814 3246 P.
827 3172 882 3247 Μ.
895 3173 1024 3248 habita
1040 3188 1102 3250 ost
1119 3187 1246 3274 quarta

154 3286 411 3386 Congregatio
437 3286 600 3384 publica,
617 3286 654 3359 in
681 3288 753 3383 qul
769 3286 972 3387 Theologi‚
989 3290 1037 3363 de
1061 3315 1182 3387 more,
1198 3315 1247 3366 re·

25 3440 28 3445 ·
152 3402 319 3476 tulerunt
336 3402 383 3475 de
402 3401 625 3498 quibusdam
651 3401 811 3499 negotiis
828 3402 867 3475 in
889 3403 1063 3478 Concilio
1089 3417 1246 3482 tractau-

154 3516 224 3610 dis,
239 3516 481 3614 ipsorumque
500 3515 748 3612 disquisitioni
766 3516 989 3592 commissis.

349 3760 522 3832 QUARTA
544 3760 841 3822 CONGREGATIO
862 3761 1055 3823 PRIVATA.

201 3979 279 4052 Dnu
304 3983 347 4049 ll
377 3977 484 4072 Maii,
501 3991 635 4074 quartu
663 3980 921 4078 Congregetio
951 3980 1097 4079 privata
1124 3982 1248 4059 habita

153 4105 212 4168 est
229 4093 366 4167 eodem
383 4092 470 4168 loco
488 4105 526 4167 et
544 4094 646 4187 hori,
660 4093 792 4191 quibus
811 4095 939 4192 prima.

201 4208 354 4281 Rcvffio
390 4208 439 4281 D.
477 4208 778 4308 Archiepiscopo
815 4210 1082 4285 Baltimorensi
1118 4237 1247 4312 propo

152 4334 279 4416 uento,
295 4322 460 4397 unanimi
485 4322 642 4398 Patrum
668 4325 956 4419 acclamatione,
981 4339 1166 4404 statutum
1191 4338 1246 4403 est
