2820 5010
237 352 286 422 50
523 371 734 424 conciatura
761 371 1049 422 aturruonnnsn

237 544 414 622 didemnt
431 548 628 625 decretum
651 546 715 622 No
739 549 798 622 m.
827 557 833 568 “
851 547 889 622 Α
912 547 1061 646 publici
1076 547 1192 623 etiam
1209 548 1339 625 decre

235 671 361 736 torum
390 661 554 737 lectione
580 661 845 741 abstinendum
873 673 1114 737 censuerunt
1165 663 1338 738 Decreta

237 788 365 851 autom
382 777 509 851 omnia
532 777 570 850 in
595 778 668 852 hac
692 776 773 874 ipsi
789 777 1098 876 congregatione
1123 776 1198 878 legi
1214 777 1337 853 noluo

235 902 336 986 runt,
351 902 394 966 ut
418 889 463 965 iis
487 891 654 966 crastino
678 891 739 966 die
763 890 802 964 in
827 890 976 988 publici
1001 890 1185 966 Sessione
1203 916 1336 966 omnes

114 1083 121 1092 ,
236 1006 359 1106 polim
377 1005 676 1096 subscriberent3
701 1004 804 1102 quod
822 1016 861 1078 et
878 1005 1020 1079 factum
1039 1016 1108 1079 est.

287 1119 412 1196 Lecta
423 1118 493 1195 fuit
510 1130 549 1194 et
565 1120 725 1217 probata
741 1117 917 1216 Epistola
929 1118 979 1192 ad
996 1119 1107 1219 bujus
1125 1118 1336 1196 Provinciae

236 1233 405 1328 Fideles,
422 1259 535 1332 quam
553 1233 700 1333 publice
718 1232 756 1307 in
767 1232 951 1326 ,Ecclesia
967 1244 1054 1330 post
1067 1232 1335 1331 vespertinum

238 1349 418 1425 Officium
432 1345 643 1448 legendam
669 1348 835 1423 crastino
861 1347 922 1421 die
948 1359 1161 1422 statuerunt
1186 1348 1336 1446 Patres,

236 1463 351 1562 idque
369 1463 535 1540 muneris
549 1463 820 1539 commiserunt
837 1462 990 1536 Revnro
1009 1461 1207 1561 Episcopo
1220 1465 1336 1539 Caro

236 1578 456 1678 lopolitano,
473 1578 537 1676 qui
558 1578 729 1678 ejusdem
750 1577 849 1675 typis
867 1577 1093 1652 mandanda
1108 1601 1240 1652 curam
1258 1605 1336 1655 sus

237 1693 350 1793 cepit.

287 1806 545 1882 Commissum
562 1817 623 1880 est
639 1806 793 1880 Revffio
810 1804 1007 1905 Episcopo
1026 1806 1068 1880 S.
1083 1803 1285 1901 Ludovici,
1295 1820 1336 1883 ut

237 1919 317 1994 iS.
338 1920 444 1995 Sede
466 1945 535 2019 per
552 1920 742 2018 supplices
766 1919 909 1994 litteras
932 1919 954 1993 a
976 1918 1154 1994 Patribus
1176 1923 1335 1998 subscri·
1399 1921 1403 1928 ’

236 2032 395 2129 bendas,
419 2047 567 2133 peteret
596 2047 638 2109 ut
668 2035 804 2108 eadem
831 2034 953 2109 forma
982 2033 1020 2107 in
1044 2034 1260 2111 adultorum
1289 2062 1335 2114 ac

235 2149 474 2247 parvulorum
490 2149 718 2247 baptismate
731 2147 857 2223 adhuc
871 2149 1089 2246 usurpanda
1106 2150 1336 2248 permittere

235 2272 313 2355 tur,
331 2287 404 2337 nec
422 2286 499 2337 non
516 2275 558 2338 ut
574 2263 722 2338 brevior
739 2262 900 2337 formula
916 2262 1179 2361 baptismalem
1197 2288 1334 2363 aquam

235 2377 500 2471 consecrandi,
511 2390 618 2451 extra
631 2376 796 2451 Paschae
806 2388 845 2450 et
859 2376 1113 2452 Pentecostes
1124 2381 1336 2476 sabbatum,

234 2490 272 2564 in
297 2490 625 2566 Missionariorum
650 2491 894 2568 commodum
920 2490 1141 2586 sanciretur,
1160 2492 1258 2579 illius
1283 2495 1334 2570 in

234 2617 314 2680 star
327 2630 411 2704 quae
423 2606 461 2680 in
479 2605 624 2681 Rituali
637 2605 760 2680 Limae
773 2605 875 2680 edito
888 2605 1090 2703 reperitur3
1115 2609 1334 2705 ettandem,

233 2731 277 2794 ut
304 2732 455 2818 tempus
486 2719 665 2794 Paschali
693 2732 884 2817 praecepto
914 2719 953 2793 in
982 2719 1089 2795 hisce
1118 2720 1333 2799 Foederatis

235 2833 446 2908 Provinciis
464 2833 705 2931 adimplendo
722 2833 952 2931 adsignetur.

283 2948 409 3024 Lecta
425 2973 576 3046 quoque
594 2959 710 3021 estet
727 2949 937 3045 approbata
956 2946 1053 3024 ratio
1071 2949 1245 3045 quaedam
1262 2954 1335 3027 So

234 3062 382 3137 cietatis
400 3063 449 3137 ad
467 3063 581 3136 libros
600 3061 913 3136 disseminandos.

283 3176 491 3275 Postquam
500 3175 741 3250 discessisset
751 3174 925 3250 Revfflus
937 3174 986 3249 D.
997 3175 1335 3279 Arcbiepiscopus,

233 3290 373 3390 gratias
388 3290 636 3389 amplissimas
655 3291 690 3364 ei
707 3290 876 3389 agendas
894 3290 1032 3365 Patres
1046 3304 1272 3389 statuerunt,
1283 3298 1332 3370 ob

232 3429 461 3503 propensam
477 3406 515 3479 in
533 3406 636 3504 ipsos
655 3405 899 3499 voluntatem,
915 3408 1255 3504 mansuetudinem,
1272 3437 1334 3487 co·

232 3518 402 3593 mitatem
437 3544 551 3617 quam
585 3518 676 3617 ipsis
710 3518 932 3614 exhibuerit,
966 3531 1006 3594 et
1039 3519 1334 3619 hospitalitatem

233 3657 346 3732 quam
365 3657 456 3732 erga
473 3657 606 3707 omnes
625 3631 847 3707 adbibuerit.

491 3846 633 3908 SESSIO
654 3845 808 3908 TERTIA
829 3848 884 3908 ET
906 3848 1076 3923 vunnu,

389 4030 528 4081 nuum
554 4030 618 4080 Dlli
645 4029 790 4080 DECIMA
819 4032 963 4081 octava
991 4034 1185 4087 ocroulus.

222 4176 227 4185 ι
279 4206 358 4281 Dru
386 4210 432 4280 18
456 4205 652 4300 Octobris,
668 4205 769 4281 festo
794 4206 835 4280 S.
855 4207 988 4302 Lucae,
1004 4211 1108 4306 quod
1132 4211 1207 4287 boc
1232 4236 1335 4289 anno

229 4320 360 4398 incidit
384 4321 422 4397 in
448 4320 704 4414 Dominicam
729 4321 904 4396 Revmus
929 4323 979 4397 D.
1005 4325 1333 4427 Arcbiepiscopus
