2820 5010
538 417 790 470 raovrncrnus
816 420 869 470 ru,
1180 399 1250 479 137

151 591 342 691 perierem
357 588 660 693 'Mississippium
685 604 724 668 et
740 592 962 669 Missurium
979 593 1119 670 flumen
1136 594 1253 670 contl-
1386 560 1391 577 ..

152 717 301 785 nentur.
350 705 492 782 Tribus
522 706 667 782 tantiam
696 707 834 783 abhinc
862 709 983 803 annis,
1009 707 1142 784 civitas
1170 708 1253 785 Du·

153 819 280 920 batque
294 831 514 919 nuncupata
529 821 643 897 condi
668 821 796 919 coepit,
812 834 851 897 et
867 823 949 922 jam
966 823 1184 921 frequentes
1200 822 1252 899 in·

154 934 261 1010 colas
276 947 460 1011 numerat
511 935 590 1011 Hic
615 935 729 1011 etiam
746 961 883 1012 novam
909 938 1102 1013 dioecesim
1123 962 1252 1014 crean-

154 1048 243 1125 dam
260 1050 464 1127 Sanctitati
481 1049 629 1126 Vestras
654 1051 840 1126 humiliter
860 1051 1102 1127 insinuamus.
1153 1052 1252 1128 Aliae

154 1164 269 1241 ctiam
291 1164 501 1241 formanda
523 1165 696 1261 luissent,
720 1167 754 1241 si
778 1191 957 1243 numerus
985 1168 1253 1264 Sacerdotum,

155 1304 251 1378 quos
268 1281 473 1357 Sanctitati
483 1281 631 1358 Vestrae
647 1281 697 1357 ad
715 1282 950 1382 Episcopala
963 1308 1100 1358 munus
1114 1285 1252 1362 obeun-

155 1394 245 1471 da
262 1395 532 1472 commendare
548 1421 765 1495 possumus,
776 1397 897 1496 major
914 1397 1058 1472 suisset.
1108 1396 1147 1471 N
1149 1422 1253 1474 eces-

154 1509 246 1586 sitas
263 1511 415 1609 quidem
433 1521 554 1612 urget,
570 1512 778 1610 periculum
795 1512 928 1612 procul
946 1512 1059 1587 dubio
1076 1512 1115 1587 in
1131 1515 1251 1590 mori:

154 1648 241 1701 uam
269 1624 499 1723 experientia
528 1638 692 1721 constat,
715 1623 760 1702 in¹
780 1627 887 1701 novis
916 1626 998 1701 istis
1027 1626 1255 1725 regionibus,

153 1738 279 1817 Sedes
306 1739 559 1838 Episcopales
576 1739 614 1813 in
631 1740 721 1839 ipsis
746 1765 928 1816 novarum
949 1740 1176 1817 societatum
1200 1742 1253 1816 in·

153 1853 349 1929 cunabulis
375 1865 538 1947 erectas,
558 1864 599 1928 et
621 1853 766 1930 facilius
792 1867 832 1929 et
856 1853 1026 1930 securius
1052 1853 1252 1931 Ecclesiae

151 1967 355 2062 adificare,
374 1978 414 2042 et
438 1967 657 2066 religionem
682 1967 805 2043 modis
831 1968 1003 2043 omnibus
1029 1994 1251 2068 promovere

151 2106 281 2181 posse,
294 2093 377 2157 tum
402 2083 452 2158 ob
477 2080 625 2157 minora
648 2107 696 2157 ex
721 2093 829 2181 parte
854 2082 1103 2158 sectariorum
1128 2084 1252 2159 obsta·

151 2196 239 2275 cula
261 2197 489 2294 superanda,
505 2206 586 2277 tum
611 2197 660 2271 ob
684 2196 840 2296 exiguas
864 2221 1051 2295 expensas
1075 2197 1125 2272 ad
1150 2221 1252 2274 com·

152 2310 343 2411 parandos
369 2310 476 2406 situs,
497 2320 632 2404 terras,
648 2322 688 2384 et
712 2310 853 2409 praedia
877 2336 945 2410 pro
975 2311 1269 2408 Ecclesiarum,

153 2424 450 2501 Seminariorum
481 2435 520 2499 et
545 2424 803 2524 Collegiorurn
831 2425 1080 2502 aedificatione
1107 2438 1147 2500 et
1170 2451 1251 2502 sus-

152 2539 372 2615 tentatione.
423 2538 498 2613 His
520 2537 693 2613 omnibus
714 2538 857 2614 mature
879 2538 1142 2633 consideratis,
1158 2539 1253 2614 futu-

152 2677 236 2739 rum
257 2678 454 2753 speramus
471 2664 515 2728 ut
529 2652 631 2750 apud
656 2652 909 2728 Sanctitatem
926 2653 1103 2729 Vestram
1124 2654 1251 2752 praeci-

154 2768 343 2868 pitationis
361 2791 561 2844 censuram
575 2766 773 2842 consilium
790 2779 961 2844 nostrum
973 2793 1051 2844 non
1067 2767 1252 2860 incurrat,

153 2882 318 2959 futurum
335 2881 449 2957 etiam
474 2904 671 2979 speramus
688 2890 731 2955 ut
756 2881 951 2957 Sanctitas
969 2882 1109 2957 Vestra
1134 2881 1253 2982 preci-

153 2999 224 3075 bus
247 2997 387 3074 nostris
412 3020 543 3079 aurem
572 2995 773 3093 benignam
799 2996 978 3096 porrigat,
1001 3008 1116 3094 atque
1141 2994 1251 3070 nobis

153 3113 356 3213 permittat,
370 3111 468 3187 inter
493 3109 749 3186 Sacerdotum
770 3110 923 3185 nomina
944 3135 1040 3207 quos
1062 3133 1251 3185 commen-

153 3227 286 3303 damus
312 3224 489 3324 tanqubm
513 3225 563 3299 ad
589 3223 822 3322 Episcopale
847 3248 983 3299 munus
999 3222 1173 3318 idoneos,
1188 3223 1250 3298 ali·

153 3366 248 3440 quos
265 3365 315 3416 ex
330 3338 599 3440 Regularibus,
611 3337 1054 3437 Congregationibusque
1070 3338 1247 3413 inserere.

152 3453 376 3534 Nullatenbs
393 3455 492 3531 enim
516 3455 650 3530 honori
667 3453 771 3529 Cleri
793 3453 912 3530 nostri
935 3454 1126 3530 saecularis
1144 3453 1251 3531 dero

153 3596 242 3672 gare
272 3594 488 3664 censemus,
514 3567 601 3645 cbm
630 3568 805 3662 fatemur,
830 3569 879 3643 ob
910 3567 1086 3668 enigrrum
1115 3568 1251 3644 borum

151 3709 362 3779 numerum,
377 3709 425 3759 ex
443 3681 799 3775 communitatibus,
815 3681 894 3757 sive
910 3680 1156 3783 regularibus,
1171 3681 1251 3772 sive

151 3797 436 3893 ecclesiasticis,
464 3797 610 3894 aliquos
643 3795 985 3873 commendandos:
1018 3796 1121 3872 nullo
1151 3794 1251 3872 enim

151 3927 281 3991 nostro
299 3913 444 4012 privato
461 3910 665 3987 commodo
683 3910 840 3985 adducti
860 3911 935 3987 hoc
957 3910 1143 3985 humiliter
1160 3910 1251 4009 peti·

150 4053 253 4122 mus3
278 4028 362 4103 solo
382 4026 458 4103 Dei
480 4025 608 4126 gloriae
624 4036 664 4099 et
679 4023 888 4099 animarum
904 4022 1035 4098 salutis
1056 4023 1191 4098 intuitu
1211 4023 1250 4098 id

150 4142 307 4219 anobis
335 4141 589 4240 praestandum
619 4150 805 4239 putamus.
857 4136 995 4237 Agitur
1020 4136 1070 4212 de
1095 4162 1251 4213 munere

150 4257 387 4359 Angelorum
407 4256 574 4332 humeris
595 4254 852 4347 formidand03
876 4253 999 4354 agitur
1015 4253 1064 4329 de
1084 4253 1251 4329 testimo·

149 4373 212 4450 nio
230 4373 378 4450 anobis
393 4376 504 4473 Juxta
527 4371 770 4450 conscientiae
791 4369 982 4448 dictamen
1003 4369 1151 4464 dando;
1175 4368 1250 4470 agi·
