2820 5010
583 358 811 409 PLENARIUM.
1202 341 1245 410 ll

206 532 317 609 Hora
332 538 358 607 4
374 532 419 608 Ρ.
439 533 493 607 Μ.
513 535 692 632 praesules
719 547 758 608 et
783 533 1003 610 sacerdotes
1021 558 1167 630 omnes,
1183 535 1246 633 qui

153 647 287 744 quovis
314 647 464 723 nomine
483 648 656 723 Concilio
680 648 876 741 intersunt,
893 649 1119 725 convenient
1135 649 1172 723 in
1189 675 1250 724 ec·

154 762 285 857 clesia,
301 763 363 837 ubi
380 787 428 836 ea
452 763 623 861 legentur
641 788 724 860 quae
742 764 983 838 decernenda
1004 765 1085 838 visa
1101 763 1249 857 fuerint,

157 877 216 951 vel
245 902 330 974 quae
362 878 542 975 praesules
576 878 838 976 theologorum
869 878 1030 952 examini
1063 878 1248 976 subjicere

143 989 288 1095 'velint3
321 1003 361 1066 et
394 990 538 1088 siquis
572 991 915 1065 animadversiones
949 991 1076 1066 lacere
1110 992 1249 1089 cupiat,

156 1102 340 1178 audiatur.

130 1272 138 1285 .
204 1216 316 1292 Hora
340 1216 435 1299 aP.
453 1217 509 1292 M.
536 1218 733 1315 prandium
758 1219 829 1291 erit
853 1219 952 1315 apud
979 1217 1170 1293 Revffium
1196 1218 1245 1293 D.

155 1328 482 1426 Baltimorensem,
498 1333 548 1406 ad
565 1333 666 1428 quod
692 1333 870 1429 praesulos
889 1357 1020 1405 omnes
1037 1332 1246 1407 invitantur.

154 1441 326 1542 Legetur
349 1445 553 1542 capitulum
582 1445 800 1542 Scripturae,
817 1458 855 1518 et
881 1446 950 1519 sub
967 1445 1080 1519 finem
1106 1444 1248 1543 Marty-

154 1557 354 1656 rologium:
380 1559 568 1655 colloquia
584 1571 711 1633 tamen
729 1560 939 1634 miscebunt
956 1561 1135 1657 praesules
1153 1561 1249 1634 inter

154 1671 428 1767 prandendum,
445 1685 487 1748 ut
512 1685 732 1746 recreentur
759 1673 883 1766 animi,
908 1685 947 1747 et
973 1673 1124 1748 dilectio
1151 1675 1248 1748 love

155 1795 249 1859 atur.

206 1899 305 1974 Cum
331 1909 457 1975 autem
485 1899 524 1974 in
550 1899 832 1997 praesentiarum
859 1899 1032 1974 Rerffius
1050 1914 1088 1976 et
1113 1900 1246 1975 Illffius

155 2011 371 2110 Episcopus
401 2012 635 2087 Torontinus
671 2012 865 2087 Baltimori
899 2027 1174 2106 commoretur3
1208 2026 1247 2088 et

155 2124 297 2201 Revffri
320 2128 370 2202 D.
389 2127 678 2225 Archiepiscopi
708 2127 975 2202 Halisaxiensis
1001 2129 1185 2204 adventus
1210 2131 1249 2203 in

156 2241 237 2316 dies
268 2254 502 2341 expectetur,
528 2244 725 2316 voluerunt
755 2243 904 2336 Patres,
928 2243 1022 2317 istos
1054 2256 1092 2318 et
1123 2270 1249 2341 quem-

155 2382 317 2454 cumque
334 2357 527 2433 Revffium
545 2358 593 2432 D.
613 2357 860 2455 Episcopum,
877 2359 990 2433 Sedis
1015 2359 1249 2456 Apostolicae
1318 2434 1320 2439 ⁴

155 2472 420 2547 communione
444 2473 642 2565 fruentem,
667 2471 730 2568 qui
755 2473 805 2546 ad
829 2473 940 2547 istam
968 2473 1157 2547 civitatem
1183 2473 1248 2547 ‹lu-

154 2598 262 2659 rante
281 2586 453 2660 Concilio
472 2586 676 2678 advenerit,
693 2586 851 2660 comiter
868 2612 953 2661 esse
971 2586 1194 2679 invitandos,
1208 2599 1249 2661 ut

156 2700 399 2774 Sessionibus
418 2700 574 2797 publicis
600 2700 783 2774 interesse
809 2701 1021 2799 dignentur,
1037 2725 1199 2792 necnon,
1216 2702 1249 2774 si

156 2814 294 2910 placet,
311 2814 691 2913 congregationibus,
717 2838 804 2888 cum
831 2838 938 2906 voce,
955 2828 996 2887 ut
1021 2813 1136 2906 aiunt,
1161 2839 1248 2888 con-

155 2928 300 3003 sultiva.
351 2927 584 3003 Torontinus
611 2928 854 3002 Sessionibus
872 2927 988 3001 tribus
1015 2927 1172 3024 publicis
1199 2929 1249 3001 in-

153 3041 297 3132 terfuit3
322 3042 499 3137 quoniam
518 3053 644 3115 autem
661 3042 848 3116 exercitiis
872 3041 1122 3139 spiritualibus
1142 3065 1248 3116 vaca·

153 3156 231 3248 bat,
258 3155 624 3254 congregationibus
653 3155 836 3230 interesse
864 3180 939 3229 non
968 3155 1104 3252 potuit:
1130 3156 1248 3229 ceteri

154 3293 231 3343 non
248 3269 446 3343 advenere.

205 3382 398 3457 Statutum
424 3395 485 3458 est
510 3385 659 3483 regulas
678 3383 824 3457 vivendi
848 3407 872 3455 a
898 3382 1072 3458 Concilio
1090 3382 1248 3458 Triden-

153 3495 246 3589 tino,
263 3497 369 3571 Sess.
387 3501 421 3570 b.
441 3497 691 3594 praescriptas,
708 3497 756 3570 ab
773 3497 945 3570 omnibus
971 3497 1130 3571 durante
1148 3497 1248 3572 Con-

154 3611 241 3686 cilio
259 3635 344 3685 esse
363 3612 579 3685 servandas,

205 3727 398 3800 Statutum
412 3739 472 3799 est
484 3737 687 3823 sequentes
702 3724 896 3822 Epistolas
911 3750 997 3800 esse
1011 3726 1247 3802 scribendas:

207 3844 238 3912 l.
265 3839 431 3913 Primam
457 3864 481 3912 a
505 3839 795 3938 Pittsburgensi,
818 3839 934 3913 latino
960 3864 1148 3934 sermone,
1164 3868 1248 3940 quae

152 3953 303 4029 nomine
320 3953 478 4027 Patrum
492 3955 541 4029 ad
560 3954 759 4027 Summum
777 3952 1003 4027 Pontificem
1021 3953 1197 4028 mittatur.

202 4072 237 4141 b.
265 4066 485 4142 Secundam
512 4091 537 4141 a
563 4065 792 4158 Mobiliensi,
819 4066 955 4164 gallico
985 4091 1174 4163 sermone,
1199 4071 1248 4144 ad

154 4181 253 4278 piam
271 4181 320 4254 ad
338 4180 631 4279 Propagandam
648 4180 785 4255 Fidem
804 4180 1050 4257 Societatem.
