2820 5010
151 332 198 402 34
437 350 646 401 concrnruu
672 349 960 399 annnruonanss

151 527 341 603 catholica
364 551 478 624 quam
502 527 551 600 ab
576 524 790 600 acatholica
814 536 935 623 parte,
957 524 1006 599 de
1029 520 1254 598 conditioni·

151 643 221 716 bus
241 639 448 733 servandiS,
464 639 513 713 sit
529 638 710 738 deinceps
727 637 923 736 erigenda.

202 752 395 828 Certiores
412 752 502 828 fecit
527 751 663 827 Patres
689 752 862 826 Revfflm
887 752 1094 827 Promotor
1117 749 1251 825 Secre

152 867 287 942 tarium
304 866 476 965 primurn,
492 891 540 941 ex
556 867 637 964 ejus
663 866 856 959 mandato,
872 866 921 940 ad
938 866 1036 940 Rev.
1055 864 1107 939 D.
1127 863 1249 937 True-

26 1048 32 1059 .
154 1006 291 1056 annun
326 981 505 1055 O’Bnrnn
538 983 696 1056 sabbato
731 980 941 1078 scripsisse,
974 981 1085 1078 eique
1120 993 1246 1054 notum

153 1097 291 1172 fecisse
308 1095 492 1195 judicium
511 1096 532 1169 ὲ
548 1095 724 1170 Patribus
749 1096 788 1169 in
813 1095 967 1195 negotio
984 1119 1071 1169 eum
1098 1094 1198 1168 inter
1213 1104 1247 1166 et

153 1214 346 1287 Revffrum
363 1212 412 1286 D.
431 1211 782 1286 Richmondensem
808 1211 938 1303 latum,
955 1210 1246 1308 praedictumque

156 1318 413 1402 Secretarium
439 1349 664 1423 responsum
687 1350 711 1400 a
734 1325 830 1400 Rev.
849 1325 898 1399 D.
918 1324 965 1399 Τ.
985 1325 1166 1399 O'Baran
1192 1348 1246 1396 ac·

158 1442 320 1541 cepisse,
337 1440 439 1539 quod
464 1441 604 1515 lectum
622 1452 690 1515 est.
743 1440 961 1515 Secretario
978 1441 1246 1514 mandaverunt

155 1555 306 1649 Patres,
322 1567 364 1629 ut
390 1554 524 1628 iterum
551 1553 732 1652 praedicto
750 1553 847 1628 Rev.
864 1553 1032 1628 Domino
1056 1553 1247 1645 rescribat,

156 1694 224 1744 eos
252 1668 399 1768 judicio
432 1668 511 1742 lato
545 1668 781 1742 adboerentes
816 1667 864 1742 de
898 1691 969 1742 sua
1000 1667 1247 1742 submissione

157 1783 333 1881 gaudere.
385 1780 477 1856 Hoc
494 1805 583 1855 vero
602 1782 663 1856 die
680 1781 862 1856 Mercurii
878 1782 1051 1878 sequenti
1067 1782 1170 1858 fecit.

207 1893 444 1971 Adveniente
478 1895 573 1969 hora
606 1920 681 1994 qua
714 1896 762 1970 de
796 1895 1111 1971 nominationibus
1150 1908 1248 1970 esset

158 2012 359 2111 agendum,
375 2010 546 2085 abierunt
564 2011 780 2086 Secretarii.

325 2250 649 2317 OONGREGA'I'IO
680 2251 834 2317 SEXTA
864 2253 1075 2333 PUBLIGA,

356 2428 411 2470 nur
426 2427 527 2481 nunu,
542 2426 616 2468 nnn
633 2408 678 2481 17,
694 2427 781 2470 noas
795 2410 814 2470 4
829 2427 857 2469 r.
871 2429 908 2470 n.
922 2428 1054 2471 enarra.

209 2561 399 2635 Aorunna
430 2561 566 2634 Patres
598 2581 743 2654 omnes,
769 2561 955 2636 Ordinum
982 2563 1251 2665 congregatio

160 2699 323 2771 numque
342 2673 580 2770 Superiores
598 2685 635 2746 et
652 2674 829 2772 theologi.

211 2787 399 2886 Theologi
417 2787 674 2885 disceptarunt
700 2789 747 2861 de
773 2789 957 2864 curriculo
982 2792 1190 2867 studiorum
1216 2795 1252 2867 in

162 2902 381 2976 Seminariis
408 2901 649 2995 instituendo,
666 2903 713 2975 de
739 2904 925 3000 paroeciis,
942 2917 981 2978 et
999 2907 1046 2979 do
1072 2932 1250 3006 vagorum

160 3016 412 3092 matrimoniis

316 3275 640 3340 CONGREGATIO
671 3276 853 3342 OCTAVA
886 3278 1096 3361 PRIVATA,

334 3455 387 3496 orn
403 3454 532 3508 nonme,
548 3436 584 3496 18
598 3454 679 3509 unu,
697 3456 783 3498 noas
800 3440 836 3498 10
853 3459 880 3498 n.
891 3457 926 3498 u.
942 3458 1073 3499 nnsrrn.

211 3590 455 3663 Annunnunr
472 3588 608 3662 Patres
627 3614 759 3663 omnes
777 3616 863 3665 curn
883 3591 1128 3669 Officialibus.

210 3703 396 3801 Imprimis
423 3703 513 3801 legit
537 3703 834 3802 Pittsburgensis
858 3707 1055 3804 epistolam
1075 3712 1122 3784 de
1140 3713 1252 3788 sacul-

161 3820 298 3894 tatibus
333 3817 647 3911 extraordinariis,
680 3821 729 3893 ad
765 3822 805 3895 S.
842 3822 984 3896 Sedem
1020 3825 1253 3919 mittendam,

156 3935 265 4031 juxte
282 3933 510 4007 voluntatem
535 3932 693 4006 Petrum
719 3934 798 4007 beri
833 3935 1048 4030 indicatam,
1065 3942 1253 4039 conscrip-

164 4059 251 4120 tam.
303 4046 510 4120 Voluerunt
536 4045 686 4142 quidam
717 4048 823 4122 utin
857 4051 991 4124 eadem
1021 4053 1181 4149 epistola
1211 4056 1252 4129 S.

166 4161 309 4236 Sedem
327 4173 477 4235 orarent
497 4173 538 4235 ut
564 4186 746 4283 supreme
764 4189 834 4238 sua
858 4177 1045 4261 potestate
1063 4169 1254 4268 obligatio

163 4300 250 4349 nem
268 4275 410 4350 decreti
433 4274 645 4350 Tridentini
670 4278 717 4351 de
740 4279 984 4354 matrimoniis
1011 4283 1255 4360 clandestinis
