2820 5010
151 382 224 453 152
434 398 648 449 concmruu
675 396 965 450 aanrruoaansa

154 575 383 675 obligatione
409 574 516 669 solvi,
531 587 612 649 tum
639 574 790 648 SSr'bus
808 574 920 649 Dnus
941 574 1086 649 Noster
1101 575 1253 650 faculta-

154 703 233 765 tem
251 690 499 788 Amplitudini
516 703 591 764 tuae
615 688 742 763 tribuit
760 688 1052 787 dispensationis
1076 714 1254 788 supereo

147 807 307 906 jejunio,
323 806 474 880 nomine
493 831 577 900 suo,
594 806 862 881 concedendae.

206 920 352 997 Precor
368 921 495 996 Deum
512 921 670 1014 interca,
687 932 759 995 etc.

204 1036 357 1131 Romae,
369 1062 417 1112 ex
434 1037 597 1112 AEdibus
617 1038 749 1111 Sacrae
763 1036 1079 1136 congregationis
1098 1036 1148 1111 de
1165 1035 1256 1111 Pro

156 1152 332 1251 paganda
349 1151 459 1246 Fide,
476 1151 537 1226 die
554 1156 580 1229 2
598 1151 834 1250 Septembris
855 1155 961 1226 1837.

153 1265 329 1341 Jacoeus
354 1266 566 1340 Paruimus
592 1266 715 1339 Cano.
739 1264 1116 1359 FRANSONIUS‚
1133 1262 1253 1363 Proes.

531 1380 720 1455 Ancaeus
736 1380 884 1474 Marus,
899 1379 924 1454 ὰ
942 1381 1118 1456 seeretis.

270 1943 682 2091 uusculrruit
706 1939 1139 2037 APOSTOLIGUlI

154 2195 205 2246 DE
224 2194 445 2245 laurentino
465 2194 504 2244 ΙΝ
522 2194 757 2245 DIOECESIBUS
769 2192 987 2244 FOEDEIIATAE
1007 2194 1187 2246 AMERIGAE
1205 2196 1257 2247 bl·

204 2309 326 2361 anuto
351 2309 402 2359 DE
425 2309 667 2358 CAEREMONIIS
688 2309 734 2358 AB
760 2309 794 2358 R.
818 2311 849 2359 Ρ.
872 2310 908 2359 Ι).
929 2308 1096 2359 JOSEl’HO
1120 2310 1256 2361 Rosn'rt

206 2424 384 2475 Ertscot’o
402 2423 812 2494 a.1.unovrcl‚n1tunrco
829 2423 1013 2473 imorum
1029 2424 1255 2477 COMPOSITO.

236 2614 395 2689 ATUM
412 2613 480 2688 suit
498 2613 535 2687 in
554 2613 727 2689 Concilio
743 2613 970 2689 Provinciali
986 2614 1256 2691 Baltimorensi

247 2741 288 2803 ut
306 2729 488 2802 Manuale
507 2727 829 2821 caeremoniarum,
842 2727 915 2825 quo
932 2728 970 2802 in
988 2729 1105 2803 sacris
1124 2729 1255 2804 ritibus

153 2843 378 2944 peragendis
396 2843 417 2916 a
436 2843 709 2917 Sacerdotibus
735 2855 773 2916 et
796 2843 910 2917 Claro
933 2843 1147 2941 provinciae,
1164 2869 1256 2942 quo-

153 2983 235 3032 rum
261 2958 429 3057 plerique
458 2984 504 3034 ex
529 2958 684 3032 diversis
707 2958 923 3056 dissitisque
951 2959 1167 3058 regionibus
1192 2960 1256 3034 ad·

153 3073 238 3148 sciti
255 3074 378 3148 varios
396 3073 539 3172 patrios
556 3099 648 3147 usus
667 3074 933 3170 sequebantur,
949 3098 1026 3148 una
1043 3074 1254 3172 eademque

146 3188 257 3286 juxta
275 3189 316 3261 S.
332 3188 522 3262 Romanae
538 3187 727 3262 Ecclesiae
744 3213 888 3261 morem
902 3188 997 3262 ratio
1016 3189 1157 3262 servari
1171 3213 1256 3286 pos·

153 3312 224 3396 set,
236 3302 335 3400 typis
349 3304 572 3402 vulgaretur.
617 3303 744 3400 Hujus
762 3314 890 3376 autem
907 3302 989 3376 libri
1007 3302 1146 3376 edendi
1162 3327 1256 3377 cura

152 3415 203 3489 R.
231 3416 276 3490 P.
301 3416 475 3491 Josnrno
504 3416 668 3510 Rosam,
688 3415 885 3514 Episcopo
914 3417 955 3490 S.
975 3416 1176 3510 Ludovici,
1192 3417 1255 3491 dc·

151 3531 331 3604 mandata
348 3530 426 3604 fuit.
470 3530 590 3628 Igitur
607 3530 766 3605 Patrum
786 3531 947 3606 Concilii
965 3531 1061 3605 votis
1080 3557 1122 3605 se
1140 3534 1255 3607 abun·

152 3645 197 3720 dd
216 3645 513 3720 satisfacturum
531 3647 732 3722 arbitratus
751 3660 810 3721 cst
828 3647 1045 3746 Episcopus
1065 3649 1106 3722 S.
1127 3648 1255 3723 Ludo

152 3760 223 3835 vici
245 3760 333 3857 quin
350 3785 489 3833 novum
507 3786 603 3859 opus
626 3762 886 3837 concinnaret:
912 3787 1000 3836 nam
1018 3763 1056 3836 id
1074 3762 1144 3836 sibi
1167 3786 1255 3861 pree⁴

97 3910 104 3917 ·
152 3875 328 3949 standum
354 3875 434 3948 fore
447 3875 630 3972 judicavit
656 3892 697 3951 ut
715 3905 762 3951 ex
780 3878 895 3951 latino
913 3878 950 3951 in
973 3878 1162 3976 anglicum
1179 3903 1255 3953 ser-

151 4014 302 4064 monem
320 4002 483 4063 vcrteret
510 3992 733 4089 opusculum
754 3992 899 4090 jamdiri
915 3993 1026 4091 jussu
1053 3993 1255 4069 Benedicti

151 4104 253 4179 XIII
271 4104 426 4198 editum,
443 4117 556 4203 atquc
575 4107 595 4179 a
614 4107 654 4180 S.
675 4107 835 4181 Rituum
859 4107 1168 4206 Congregatione
1192 4133 1254 4207 ap

150 4221 349 4319 probatum
367 4245 435 4317 pro
453 4221 658 4295 minoribus
677 4221 865 4296 Ecclesiis
884 4249 968 4320 quae
989 4222 1099 4297 unius
1118 4222 1254 4297 solum·

151 4332 265 4411 modo
283 4334 505 4411 Sacerdotis
519 4345 558 4409 et
575 4334 800 4411 clericorum
819 4336 1028 4433 aliquorum
1045 4335 1253 4412 ministerio
