2820 5010
212 319 264 391 42
493 333 703 388 concursu
729 336 1018 390 asermoarrrss

266 515 429 589 Chorus.
462 513 625 589 Beatam
634 510 737 585 illam
751 511 880 589 dicant
890 538 1023 590 omnes
1035 513 1323 615 generationes,

214 641 253 704 et
270 628 318 703 sit
334 627 537 703 benedicta
553 625 591 699 in
608 637 799 701 aetemum.

261 743 415 819 archid
449 737 679 816 Beatissimo
712 739 786 814 Pro
821 740 952 839 Papae,
976 741 1199 819 successori
1224 739 1322 839 prin-

213 857 307 957 cipis
335 857 608 957 apostolorum,
633 853 748 929 totius
777 855 966 932 Ecclesiae
994 856 1122 956 capiti,
1144 881 1196 932 ac
1228 878 1318 931 vero

215 971 358 1049 Christi
381 971 419 1046 in
444 968 553 1045 terris
578 967 731 1062 vicario,
753 993 826 1070 pax
851 993 876 1044 a
903 971 1005 1064 Deo,
1027 984 1067 1046 et
1095 970 1321 1046 omnimoda

213 1085 455 1187 prosperitas.
807 1156 812 1163 .

267 1201 427 1274 Chorus.
464 1197 646 1273 Effundat
670 1221 888 1295 supereum
913 1199 1022 1273 Deus
1039 1210 1174 1274 noster
1199 1199 1319 1274 abun·

214 1315 349 1389 dantes
379 1311 524 1387 divitias
558 1310 686 1410 gratiae
720 1335 810 1405 suae,
836 1324 1060 1418 tantumque
1093 1312 1317 1411 pontificem

213 1427 277 1503 diu
295 1425 484 1502 Ecclesiae
501 1451 580 1500 suae
597 1424 779 1522 sospitem
796 1438 835 1500 et
851 1425 1080 1502 incolumem
1096 1436 1236 1500 servet.

267 1540 420 1615 drona
455 1539 607 1612 Revmo
626 1536 927 1636 Archiepiscopo
944 1539 1228 1633 Baltimorensi‚
1245 1539 1317 1614 Se

213 1654 270 1730 dis
295 1652 530 1752 Apostolicoe
557 1650 745 1749 delegato,
768 1664 807 1726 et
827 1651 937 1751 hujus
960 1653 1122 1729 Concilii
1144 1653 1317 1729 Pleuarii

214 1768 374 1868 praesidi,
389 1791 476 1843 cum
494 1764 619 1840 multis
636 1765 743 1839 annis
761 1765 928 1864 plurimae
945 1768 1082 1866 gratiae.

266 1884 426 1958 chone.
461 1879 550 1954 Jam
574 1878 613 1954 in
630 1879 805 1978 praescnti
822 1892 992 1980 tempore
1010 1880 1173 1981 accipiat
1198 1883 1316 1958 bene·

213 1997 417 2073 dictionem
440 2019 465 2069 a
488 1994 669 2091 Domino,
692 1997 792 2069 etin
816 1995 942 2071 futuro
968 1998 1101 2072 seculo
1126 2012 1315 2072 coronam

213 2111 350 2209 gloriae.

258 2223 413 2299 Archia.
446 2222 608 2299 Revffiis
634 2221 944 2323 Archicpiscopis
962 2234 1001 2299 et
1026 2224 1234 2324 Episcopis
1247 2227 1315 2324 qui

211 2339 262 2414 ad
287 2336 362 2412 hoc
388 2336 655 2412 celebrandum
682 2336 896 2411 Concilium
914 2351 1175 2432 accesserunt,
1191 2338 1315 2414 incre

211 2463 379 2526 mentum
402 2451 587 2525 donorum
604 2450 827 2544 coelestium,
843 2462 883 2525 et
906 2450 996 2526 felix
1012 2452 1061 2526 ad
1079 2477 1169 2528 suas
1188 2456 1317 2529 eccle-

213 2566 289 2640 sias
315 2565 468 2639 reditus.

265 2680 424 2753 Chorus.
461 2676 594 2751 Gratia
617 2678 773 2752 Domini
805 2677 938 2752 Nostri
970 2680 1067 2754 Jesu
1091 2681 1249 2775 Christi,
1273 2696 1314 2757 et

212 2795 377 2870 charitas
408 2793 495 2887 Dei,
519 2806 558 2867 ot
592 2794 881 2868 communicatio
910 2797 1033 2871 sancti
1064 2797 1243 2894 SpirituS,
1264 2799 1315 2872 sit

212 2934 299 2984 cum
318 2908 488 2981 omnibus
507 2908 587 2981 illis.

258 3022 410 3096 archid.
447 3022 665 3095 Admodum
689 3021 786 3095 Rev.
806 3023 1017 3097 Abbatibus
1037 3036 1075 3097 et
1094 3025 1313 3099 Communi·

211 3149 330 3210 tatum
365 3136 644 3232 SuperioribuS,
677 3160 723 3210 ac
764 3137 963 3235 theologie,
997 3138 1060 3236 qui
1097 3142 1314 3236 praesentia‚

211 3251 395 3343 doctrina,
408 3250 608 3345 laboribuS,
622 3262 747 3348 patres
767 3251 929 3325 Concilii
946 3264 1024 3326 tam
1042 3254 1191 3353 egregie
1204 3256 1313 3354 juve-

209 3375 308 3454 runt,
324 3388 471 3462 magnae
489 3376 627 3460 grates,
645 3376 682 3437 et
700 3365 801 3437 bona
817 3364 854 3437 in
873 3365 1028 3439 Christo
1047 3367 1241 3442 memoria.

264 3478 423 3552 Chorus.
459 3477 613 3576 Magnae
648 3490 787 3576 grates,
809 3480 910 3553 bona
944 3480 1144 3555 momoria:
1178 3482 1313 3556 Domi-

209 3617 280 3666 nus
298 3591 488 3666 retribuat.

258 3705 411 3779 drchid.
449 3705 608 3779 Cunctis
643 3706 816 3781 fidelibus
859 3719 1074 3782 nostrarum
1116 3708 1312 3786 Provinci-

209 3844 328 3911 arnm,
345 3843 390 3892 ac
419 3819 591 3892 universo
618 3822 758 3918 populo
786 3820 1016 3917 Christiano,
1033 3822 1153 3921 gratia
1171 3835 1208 3897 et
1235 3849 1311 3923 pax

209 3958 233 4007 a
249 3932 337 4006 Deo
356 3931 485 4021 Patre,
503 3945 540 4005 et
559 3933 732 4007 Cnarsro
752 3934 851 4009 Jusu
869 3934 1035 4009 Domino
1054 3947 1197 4011 nostro.

263 4046 422 4120 Chorus.
467 4046 556 4143 Ipse
599 4046 708 4121 Deus
742 4048 848 4145 pacis
883 4051 1096 4125 sanctificet
1137 4076 1206 4125 eos
1241 4077 1310 4151 per

208 4158 347 4251 omnia,
373 4171 415 4231 ut
444 4160 608 4255 quietam
637 4174 675 4235 ot
708 4163 945 4259 tranquillam
978 4165 1092 4238 vitam
1121 4178 1237 4264 agant
1269 4168 1309 4241 in

208 4272 311 4347 omni
327 4271 480 4368 pietate,
497 4275 686 4369 castitate,
702 4301 748 4350 ac
767 4277 871 4374 praxi
887 4280 1072 4355 bonorum
1090 4305 1255 4377 operum.
1280 4320 1283 4326 ·
