2820 5010
150 376 225 447 288
437 395 650 447 cononnuu
676 397 967 450 ostrinonsrtsn

154 571 350 670 copolibus
369 571 479 668 quim
503 597 572 671 pro
590 572 921 672 Archiepiscopoii
941 573 1048 650 Sede
1066 573 1110 649 S.
1129 572 1248 649 Ludo

152 685 224 760 vici
243 686 324 784 jam
350 686 461 760 anteri
485 687 624 783 erecti,
648 699 761 784 prout
790 687 975 787 Episcopi
999 689 1249 789 suggerebant

152 825 200 876 ac
218 801 490 899 postulabant*,
506 826 554 875 ex
571 813 660 875 voto
680 803 720 876 S.
741 802 1106 902 congregationis‚d
1123 801 1248 877 ssm

153 918 243 992 Duo
259 917 404 992 Nostro
431 919 591 1014 probato
607 929 679 1012 est,
695 942 742 992 ec
760 918 895 993 litterae
912 918 1151 1017 Apostolicte
1174 917 1249 993 Mc·

136 1033 339 1131 .tropolitis
358 1032 565 1107 traduntur.

205 1147 431 1223 Constitutae
464 1145 603 1244 pariter
636 1170 745 1220 novae
778 1144 968 1222 Ecclesiae
993 1147 1033 1221 in
1062 1146 1269 1227 Sovttunrt·⁴

154 1263 275 1357 hensi,
290 1260 591 1359 Wheelingensi,
607 1284 654 1334 uo
682 1261 723 1334 S.
743 1259 854 1335 Pauli
879 1262 928 1336 de
953 1260 1177 1336 Minnesotd
1196 1260 1250 1336 Gi

154 1377 362 1471 vitatibus†:
388 1400 552 1473 cumque
576 1376 660 1450 duae
683 1377 828 1475 priores
853 1376 1043 1453 Ecclesiae
1065 1378 1118 1452 ud
1145 1377 1249 1451 istum

154 1492 467 1566 Baltimorensem
498 1489 740 1565 Provinciam
770 1490 995 1589 pertineant,
1024 1493 1251 1568 documenta

154 1605 402 1704 Amplitudini
419 1617 493 1680 tuae
518 1606 728 1699 traduntur,
745 1618 787 1680 ut
804 1607 854 1681 ad
872 1605 1018 1681 electos
1035 1605 1249 1705 Episcopus

153 1721 378 1820 perferendo
394 1744 515 1794 cures.
559 1720 669 1794 Idem
680 1720 768 1795 verti
786 1721 918 1795 censui
934 1722 1196 1819 praestondum
1207 1721 1249 1797 de

152 1836 234 1910 aliis
252 1834 383 1909 litteris
409 1859 494 1931 quae
510 1834 717 1932 respiciunt
742 1835 974 1910 erectionem
990 1859 1179 1911 novorum
1196 1834 1251 1909 vi

152 1949 361 2026 cariatuum
387 1948 709 2045 Apostolicorum,
733 1959 775 2022 ut
799 1950 849 2024 ad
879 1949 1024 2024 eiectos
1050 1948 1248 2025 Antistitos

154 2065 234 2141 tutti
252 2063 502 2164 pervenienti

204 2181 268 2255 Ad
294 2179 533 2255 Provinciam
552 2180 691 2276 pariter
716 2180 828 2255 istum
854 2181 1043 2280 pertinent
1072 2177 1251 2280 Episcopi

153 2295 490 2388 Richmondensis,
506 2294 804 2394 Pittsburgensis
830 2307 870 2370 et
895 2294 1248 2394 Philadelphiensis:

153 2410 310 2511 proinde
336 2410 479 2483 litteras
498 2409 744 2506 Apostolicas
763 2409 897 2506 quibus
922 2411 1123 2508 presbyter
1138 2409 1249 2484 Jour-

153 2552 225 2600 nns
242 2525 414 2599 MoGrrn.
431 2523 647 2620 Episcopus
663 2523 987 2599 Richmondensis
1001 2524 1249 2616 constituitur,

152 2666 303 2715 necnon
330 2640 524 2713 decretum
553 2663 628 2734 quo
659 2637 794 2711 limites
822 2639 1042 2713 dioecesium
1072 2638 1249 2713 Pittsbur·

153 2757 279 2854 gensis
306 2767 344 2827 ot
370 2752 710 2850 Plriladclphiensis
737 2752 808 2825 alit
828 2753 987 2847 ratione,
1003 2778 1051 2826 ex
1068 2770 1159 2828 voto
1178 2753 1248 2827 An·

189 2971 202 3003 *
216 2969 286 3023 Vide
297 2969 391 3038 supro,
402 2966 463 3022 281.

187 3071 204 3136 †
218 3069 352 3123 Dioecesis
370 3067 595 3123 Savannahensis
614 3068 734 3122 continet
752 3067 861 3122 Statum
874 3067 1000 3138 Georgiae
1013 3078 1040 3122 et
1049 3067 1190 3123 Floridam
1204 3085 1245 3122 us·

153 3172 209 3224 que
222 3156 255 3209 ed
271 3153 375 3208 flumen
390 3152 648 3223 Appaiachicolam.

189 3241 322 3296 Dioecesis
341 3239 565 3307 Wheelingensis
589 3248 741 3292 constater
755 3240 831 3293 omni
849 3237 896 3291 ittt
909 3248 984 3307 parte
1002 3237 1097 3292 Status
1110 3238 1250 3309 virginio,

149 3346 216 3398 quie
229 3327 299 3382 ultra
312 3337 418 3379 montes
431 3323 611 3392 Aiieghanios
631 3324 809 3378 Occidentem
822 3326 916 3377 versus
925 3323 1006 3393 jacet,
1020 3323 1158 3394 incipiens
1170 3327 1187 3379 ἰ
1201 3324 1250 3378 Co

153 3415 250 3470 mitatu
263 3410 411 3481 Eumolpi,
424 3411 480 3463 unit
493 3426 557 3462 cum
570 3409 752 3463 Comitatibus
767 3409 935 3473 Pocotwotas,
951 3408 1118 3474 Greenbrim
1130 3410 1250 3476 Monror,

157 3501 238 3564 Gan,
250 3498 435 3567 Montgomery
447 3507 471 3548 et
487 3494 582 3565 Ftoyd,
596 3496 730 3563 usquead
744 3495 914 3549 Comitatum
928 3492 1030 3547 corrott
1042 3493 1189 3550 inclusive.

189 3585 324 3641 Dioecesis
337 3582 568 3636 Richmondensis
581 3580 741 3635 efformatur
753 3597 788 3634 ex
802 3579 907 3647 reliqut
920 3592 995 3648 parte
1008 3579 1103 3634 Status
1114 3580 1252 3651 Virginiae.

188 3672 272 3726 Sedes
294 3667 468 3738 Episcopaiis
488 3667 517 3721 S.
532 3666 612 3721 Pauli
633 3666 666 3720 de
687 3666 847 3730 Minncsoto,
859 3670 911 3719 sut
930 3664 1030 3718 ditione
1049 3666 1253 3737 comprehendit

153 3755 332 3813 Territorium
345 3753 505 3807 Minneroto.

188 3868 204 3934 ss
217 3861 441 3918 Savannahensis
452 3860 611 3929 Episcopus
624 3859 725 3914 electus
739 3871 779 3913 est
792 3859 861 3913 Rev.
871 3859 906 3912 D.
916 3858 1098 3913 anncrscos
1111 3859 1151 3914 X.
1161 3860 1253 3915 Girr-

154 3969 248 4017 urrtn3
267 3947 472 4002 Hartsordensis
485 3958 590 4011 nutem,
605 3947 673 3999 Rev.
689 3944 1091 3998 D.BnnnnnousO'Re11.r.r.
1128 3945 1252 3999 Revmus

154 4036 191 4090 D.
204 4035 239 4088 R.
253 4034 288 4086 V.
301 4032 442 4086 Wnumn
459 4031 493 4085 ab
506 4031 633 4086 Ecclesiat
654 4030 870 4084 Richmondensi
887 4029 921 4083 ed
936 4029 1192 4099 Wheeiingeneem,
1203 4045 1252 4084 suo

153 4132 260 4192 rogatu,
273 4119 417 4173 translatus
435 4131 484 4174 est.
520 4119 604 4173 Sedes
622 4117 796 4188 Episcopalis
816 4117 844 4170 S.
859 4116 937 4170 Pauli
959 4116 993 4170 de
1011 4115 1172 4171 Minnesott
1184 4117 1253 4172 Rer.

154 4209 190 4265 D.
199 4206 325 4261 Josnruo
339 4205 453 4259 Cnnrrn
467 4203 564 4258 collata
574 4213 623 4259 est.
658 4203 784 4257 Tandem
795 4203 864 4256 Rev.
876 4202 912 4255 D.
921 4201 1051 4256 Jornmrs
1065 4201 1152 4257 Lirrr
1165 4202 1198 4256 ad
1207 4200 1253 4254 Vi-

154 4294 287 4350 cariatum
300 4290 495 4361 Apostolicum
510 4290 655 4355 Sama-Fe,
669 4289 697 4343 in
715 4289 862 4344 Territorio
876 4288 1037 4355 Mexicano,
1049 4301 1192 4360 promotus
1204 4299 1252 4352 est,

155 4375 315 4453 Episcopeli
328 4376 532 4432 consecratione
544 4375 725 4431 decorandus.
