2820 5010
545 117 796 169 mormanus
826 119 858 169 v.
1175 94 1250 182 ⁶217

155 290 310 390 synodis
322 293 394 368 sub
407 293 517 391 prend
529 293 928 369 excommunicationis
941 295 1027 394 ipso
1029 286 1158 390 sacto,
1168 315 1251 389 pro-

155 405 308 482 hibent
322 406 369 483 iis
382 406 446 505 qui
458 407 617 483 divortio
631 407 728 483 civili
741 406 903 506 sejuncti
915 419 1016 502 sunt,
1025 432 1073 482 ne
1086 405 1136 481 ad
1152 428 1252 482 nova

152 532 349 597 transeant
365 533 467 616 vota,
480 521 647 622 legitimo
664 521 814 597 vinculo
832 522 1059 621 posthabito.

200 633 270 708 lv.
298 635 541 710 censuerunt
565 634 702 710 Patres
727 635 830 710 haud
853 635 1030 734 expedire
1055 635 1251 709 decretum

153 745 418 824 Tridentinum
435 750 484 824 de
501 748 737 825 clandestino
747 742 991 823 ‘matrimonio
1008 748 1058 822 ad
1079 748 1171 822 alias
1189 771 1252 846 pa·

153 862 290 938 roecias
302 863 514 940 dioeceseos
525 863 792 959 Detroitensis,
802 876 909 939 extra
919 864 1039 963 ipsam
1051 862 1252 956 civitatem,

153 977 281 1053 adhuc
306 979 530 1071 extendere;
559 1003 631 1054 nec
657 979 707 1053 ad
732 979 824 1053 alias
850 978 1036 1055 dioeceses
1062 976 1252 1052 Americae

153 1089 381 1187 Foederatae,
393 1103 528 1191 praeter
541 1118 607 1167 eas
620 1092 658 1167 in
672 1092 805 1189 quibus
816 1093 897 1192 jam
911 1091 1080 1168 noscitur
1093 1091 1253 1189 promul·

154 1217 299 1303 gutum:
313 1219 353 1280 et
363 1208 545 1282 orandam
556 1231 642 1282 esse
655 1207 696 1281 S.
710 1207 854 1282 Sedem
865 1220 906 1284 ut
918 1207 1111 1305 dispenset
1125 1206 1251 1303 quoad

155 1319 276 1419 ipsam
293 1321 485 1397 civitatem
501 1322 796 1397 Detroitensem.

205 1434 252 1510 V.
279 1435 469 1511 Praesules
493 1461 625 1511 omnes
652 1435 762 1536 hujus
788 1436 999 1515 Provinciae
1023 1435 1060 1509 in
1085 1435 1252 1511 Domino

156 1572 368 1645 monemus,
383 1563 426 1626 ut
450 1550 640 1651 invigilent
665 1551 878 1628 executioni
904 1575 1034 1624 corum
1060 1576 1143 1646 qum
1165 1551 1186 1624 a
1210 1551 1253 1624 S.

157 1662 378 1740 audentius
403 1665 563 1763 Synodo
581 1665 737 1740 decreta
753 1677 841 1739 sunt
864 1664 913 1738 de
938 1664 1142 1739 Pastorum
1165 1662 1253 1737 resi·

157 1778 295 1873 dantia,
323 1790 531 1877 curentque
561 1803 610 1853 ne
645 1778 805 1877 populus
835 1777 957 1853 fidelis
987 1790 1117 1853 careat
1146 1775 1256 1875 copia

157 1891 290 1969 Missa
305 1894 504 1970 audiendae
528 1893 565 1967 in
590 1892 721 1968 diebus
747 1892 953 1990 prasertim
979 1891 1189 1968 Dominicis
1216 1903 1254 1965 et

157 2006 283 2101 sestis,
308 2008 366 2082 vel
391 2018 633 2106 aegrotantes,
657 2007 825 2083 subsidio
850 2019 1189 2082 sacramentorum:
1215 2018 1255 2082 et

157 2122 195 2198 'm
218 2124 375 2222 synodis
402 2122 479 2198 suis
507 2147 639 2222 poenas
665 2133 834 2197 statuant
862 2122 994 2196 ineos
1020 2121 1082 2218 qui
1110 2124 1254 2220 absque
1306 2112 1308 2116 ⁵

156 2236 262 2338 gravi
277 2238 394 2314 causa
409 2237 468 2312 vel
486 2236 635 2312 licentii
651 2236 847 2312 abfuerint.

206 2350 274 2427 vl.
301 2351 505 2427 Monemus
529 2350 746 2450 Episcopos
769 2362 811 2425 ut
834 2350 1024 2449 invigilent
1045 2376 1093 2425 ne
1119 2350 1255 2424 Sacer-

157 2453 283 2561 dotes,
297 2466 355 2541 rel
372 2465 559 2541 Ecclesiis
577 2466 718 2541 temere
735 2465 924 2565 erigendis
942 2477 1007 2539 aut
1023 2465 1256 2563 reparandis,

157 2580 217 2657 vol
228 2579 301 2655 alia
312 2579 470 2674 ratione,
479 2604 553 2654 aare
567 2580 691 2654 alieno
705 2579 980 2672 contrahendo,
992 2603 1053 2653 res
1067 2578 1256 2654 Ecclesiae

157 2704 330 2788 onerent,
346 2704 412 2769 aut
435 2693 549 2769 fidem
572 2693 704 2768 fallant
724 2718 812 2768 cum
835 2692 1023 2793 religionis
1048 2695 1255 2768 dedecore:

156 2808 242 2885 ideo
262 2806 416 2908 exigant
438 2832 563 2883 rerum
585 2807 770 2881 rationem
793 2809 927 2883 saitem
951 2807 1165 2904 quotannis,
1181 2833 1254 2883 nec

157 2923 283 2999 sinant
304 2947 373 2998 eos
397 2947 449 2998 aes
475 2923 639 2997 alienum
660 2925 803 3019 absque
827 2922 975 2998 licentii
997 2922 1138 3021 scripto
1156 2923 1255 3019 data,

158 3036 346 3113 Ecclesioe
362 3037 513 3113 nomine
532 3037 590 3111 vel
607 3038 734 3131 causi,
750 3037 987 3112 contrahere.

206 3150 295 3226 vll.
320 3150 554 3227 Moneantur
584 3151 818 3226 Sacerdotes
848 3177 896 3226 ne
930 3175 991 3225 res
1022 3175 1111 3226 suas
1140 3153 1253 3227 rebus

158 3266 348 3343 Ecclesiae
362 3266 611 3361 immisceant,
629 3291 716 3342 cum
734 3266 844 3341 famae
861 3292 939 3341 suae
956 3266 1183 3363 discrimine,
1194 3268 1253 3342 vel

158 3381 366 3459 offensione
378 3381 579 3477 Fidelium,
590 3381 653 3479 qui
666 3382 838 3480 injuriam
850 3382 931 3457 fieri
944 3382 1132 3458 Ecclesiae
1144 3383 1252 3460 facile

158 3495 381 3573 existimant.
431 3495 581 3572 Idcirco
604 3495 769 3570 habeant
791 3496 925 3571 librum
943 3521 1017 3594 quo
1042 3521 1102 3570 res
1121 3523 1253 3573 omnes

158 3609 346 3687 Ecclesia
362 3592 627 3702 recensentur3
652 3622 691 3684 et
708 3609 741 3684 si
757 3609 828 3708 ipsi
845 3610 1045 3708 pecuniam
1062 3611 1099 3685 in
1121 3613 1256 3688 Eccle-

157 3725 223 3801 siae
239 3750 350 3801 usum
373 3724 612 3818 contulerint,
629 3724 667 3798 id
692 3724 758 3799 fiat
784 3726 967 3822 probante
991 3725 1200 3825 Episcopo,
1215 3739 1255 3801 et

157 3864 246 3915 cum
260 3839 422 3914 virorum
435 3839 511 3914 fide
529 3840 727 3939 dignorum
744 3838 886 3933 notitia,
899 3852 938 3912 et
954 3839 992 3913 in
1010 3840 1102 3914 libro
1120 3841 1254 3915 refera—
1369 3854 1372 3859 '

158 3965 231 4048 tur,
247 3964 289 4029 ut
308 3953 525 4052 Episcopus
544 3953 792 4027 visitationem
811 3954 954 4029 habens
974 3955 1092 4051 possit
1110 3956 1256 4055 singula

161 4067 361 4168 inspicere,
378 4081 416 4145 et
427 4069 516 4167 jura
533 4068 698 4144 omnium
714 4068 821 4144 tueri.

309 4187 358 4258 28
