2820 5010
557 420 808 471 rnovrucrana
836 421 859 471 1.
1205 399 1253 472 37
1366 448 1368 452 -

152 595 353 671 millesimo
375 595 692 695 octingentesimo
717 595 898 694 vigesimo
921 620 1037 690 nono,
1053 595 1256 671 Pontifica-

153 712 215 785 tris
231 711 351 786 SSr‘ni
366 710 445 785 Dai
456 711 577 785 nostri
594 709 657 784 Pu
673 709 795 785 divina
808 710 1050 785 Providentib
1063 709 1142 786 ΡΡ.
1157 709 1256 785 VIII

155 825 290 924 primo,
301 824 361 900 die
373 824 482 899 tertii
492 824 688 918 Octobris,
699 825 957 923 Congregatio
968 825 1119 922 publica
1130 825 1258 899 habita

155 938 225 1013 suit
237 939 275 1013 in
293 938 472 1014 Ecclesia
488 939 783 1036 metropolitana
799 937 1080 1033 Baltimorensi,
1093 939 1154 1013 cui
1168 963 1258 1038 prae

155 1053 225 1128 suit
246 1052 379 1128 Illmus
397 1078 444 1128 ac
468 1053 643 1128 Revmus
660 1053 710 1127 D.
730 1052 1068 1151 Arcbiepiscopus,
1084 1053 1259 1128 Jacoaus

156 1165 404 1242 Wrurrrano.
448 1168 665 1244 Adsuerunt
679 1167 853 1242 Revflius
870 1167 920 1241 D.
935 1167 1153 1266 Episcopus
1168 1168 1258 1243 Bar-

156 1281 299 1378 densis,
321 1282 572 1357 Bsunorcrus
595 1282 745 1356 Josarn
769 1282 940 1372 Furcas,
962 1282 1150 1379 antiquior
1173 1282 1259 1366 Sufe

156 1395 378 1495 fraganeus3
395 1397 571 1472 Revffius
584 1396 634 1470 D.
646 1395 673 1469 J
676 1419 822 1470 cannas
837 1394 1042 1490 Euenum),
1053 1397 1259 1495 Carolopo-

157 1510 315 1604 Iitanus3
332 1511 507 1586 Revmus
525 1510 574 1584 D.
594 1509 812 1585 Ennianus
836 1510 1041 1604 anvncu,
1059 1512 1259 1587 Cincinna-

157 1624 296 1717 tensis3
321 1624 496 1699 Revmus
518 1625 567 1698 D.
585 1624 783 1698 Josernus
807 1623 971 1717 Rosarr,
993 1624 1034 1698 S.
1054 1624 1259 1719 Ludovici3

158 1737 334 1813 Revffius
375 1739 424 1813 D.
466 1738 716 1812 Bannorcrus
754 1736 959 1832 anwrcn,
995 1738 1258 1814 Bostoniensis

158 1851 397 1951 Episcopus3
421 1853 486 1952 qui
503 1878 636 1927 omnes
649 1852 760 1950 juxta
775 1850 948 1925 ordinem
962 1854 1260 1929 consecrationis

158 1968 386 2043 consedere:
404 1980 444 2042 et
460 1967 591 2043 ultimo
609 1968 697 2041 Ioco
715 1965 920 2040 admodum
937 1965 1191 2042 Reverendus
1209 1968 1258 2042 D.

159 2080 392 2156 Gonrnnuus
409 2080 651 2175 Marrnuws,
664 2079 839 2154 Vicarius
853 2079 1051 2154 Generalis
1070 2083 1261 2180 Apostoli-

159 2220 229 2270 cus
263 2194 617 2293 Philadelphiensis.
677 2195 852 2268 Aderant
885 2194 999 2268 etiam
1035 2195 1261 2293 Superiores

160 2308 362 2403 Ordinum,
385 2308 581 2384 Doctores
606 2321 646 2383 et
670 2306 861 2405 Theologi
890 2307 930 2381 in
954 2322 1145 2385 conventu
1164 2297 1262 2410 ‘prae

159 2423 351 2521 paratorio
380 2422 572 2498 nominati.
632 2419 817 2520 Episcopi
849 2444 997 2516 omnes,
1026 2435 1066 2497 et
1098 2424 1262 2499 Mariani

160 2536 355 2612 Doctores
380 2538 556 2613 rochetto
582 2548 622 2611 et
646 2536 847 2628 mozzetta,
869 2537 988 2611 ceteri
1012 2537 1099 2613 verb
1126 2539 1262 2615 Sacer·

162 2650 273 2726 dotes
291 2650 574 2751 superpelliceis
593 2650 713 2725 induti
730 2662 849 2723 erant.
1063 2638 1066 2644 ⁵

211 2765 420 2864 Implorato
438 2766 563 2841 divino
586 2763 860 2858 auxiliationis
885 2764 1056 2862 genibus,
1071 2791 1141 2863 per
1157 2768 1262 2842 Anti-

161 2880 329 2978 phonem
352 2881 445 2955 Veni
461 2893 595 2956 sancte
613 2881 795 2979 Spiritus,
811 2864 856 2972 p,
876 2890 915 2952 et
932 2878 1157 2953 Orationem
1175 2907 1263 2956 con-

163 2995 389 3089 venientem,
404 2995 538 3069 Illfflus
562 2994 613 3068 D.
633 2993 957 3091 Archiepiscopus
982 3017 1029 3067 ea
1052 2995 1263 3070 denuntiari

157 3109 285 3208 jussit,
302 3134 387 3207 quae
408 3109 457 3184 de
482 3107 699 3200 Officiariis,
719 3106 943 3205 Theologis,
964 3107 1195 3203 Canonistis,
1216 3135 1262 3186 ac

163 3223 302 3298 ceteris
327 3224 377 3298 ad
404 3223 618 3299 Concilium
644 3221 903 3320 spectantibus
927 3233 1070 3295 statuta
1088 3223 1170 3321 jam
1187 3224 1264 3300 sue-

163 3348 249 3411 rant
265 3337 305 3411 in
321 3337 503 3436 praedicto
520 3348 712 3412 conventu
729 3334 989 3410 Praelatorum.

212 3451 364 3527 Deinde
388 3451 527 3526 indicti
551 3450 669 3550 prima
694 3449 877 3525 Sessione
895 3451 944 3525 ad
971 3450 1070 3525 diem
1096 3451 1264 3529 Domini-

164 3589 251 3640 cam
281 3565 448 3664 proxime
478 3577 714 3663 sequentem,
739 3577 779 3639 et
803 3565 1021 3663 Antiphoni
1049 3568 1127 3641 Sub
1154 3581 1265 3643 tuom

164 3679 272 3754 flexis
290 3680 448 3779 genibus
465 3679 634 3772 recitati,
651 3703 783 3753 omnes
802 3669 1068 3753 discessenmt.

567 3877 706 3939 SESSIO
727 3877 870 3939 PRIMA.

216 4029 372 4105 ΑΝΝΟ
408 4028 563 4105 Domini
593 4027 791 4102 millesimo
822 4028 1137 4128 octingentesimo
1167 4033 1265 4133 vige·

166 4143 262 4218 simo
292 4169 408 4238 nono,
437 4144 498 4219 die
529 4143 669 4217 mensis
701 4142 884 4217 Octobris
914 4145 1057 4240 quarti,
1084 4171 1167 4241 quoe
1197 4148 1266 4224 fuit

167 4258 383 4354 Dominica,
399 4260 528 4335 habita
544 4272 603 4333 est
629 4258 748 4357 prima
767 4257 900 4332 Sessio
924 4258 961 4332 in
985 4258 1161 4334 Ecclesia
1184 4264 1266 4338 Me-

167 4376 391 4474 tropolitanb
408 4373 684 4449 Baltimorensi.
