2820 5010
554 440 805 491 raovrucriuu
832 442 855 491 r.
1206 419 1256 491 63

153 615 391 714 Septembris
412 638 513 691 anno
538 619 634 690 1830
650 616 896 710 confirmavit,
913 640 1035 714 eaque
1052 616 1091 690 in
1114 616 1253 690 Foede

151 740 246 858 ratae
278 729 469 805 Americae
499 728 812 828 Septentrionalis
842 730 1082 805 Dioeoesibus
1113 729 1254 804 servari

148 855 348 1032 Juslsldtunr
371 958 512 1033 Romae
533 983 580 1033 ex
601 957 764 1033 AEdibus
787 958 899 1034 dictae
923 958 964 1032 S.
985 959 1257 1059 congregatio

155 1071 228 1166 nis,
244 1073 306 1147 dle
326 1076 372 1145 16
390 1071 572 1148 Octobris
594 1077 699 1147 1830.

222 1230 270 1306 D.
288 1230 461 1306 Maurus
478 1231 601 1308 Canu.
621 1229 1130 1328 CAPPELLAR1,Praefl
1150 1232 1197 1306 P.

557 1377 602 1452 C.
623 1377 889 1469 cimicum,
909 1376 1011 1450 Scor.

212 1572 393 1649 Ceterirm
424 1575 549 1649 Sacra
579 1574 837 1675 congregatio
868 1599 992 1673 pauca
1018 1574 1192 1671 quaedam
1222 1574 1260 1649 in

165 1686 312 1786 Synodi
337 1688 621 1764 Baltimorensis
645 1689 822 1765 Decretis
848 1689 1079 1764 immutanda
1096 1689 1263 1765 ostendit

166 1815 204 1877 et
219 1802 431 1898 insinuavit,
448 1816 490 1878 ut
507 1814 612 1901 patet
629 1829 676 1878 ex
694 1803 866 1903 sequenti
883 1803 1148 1879 Instructione.

492 2136 691 2148 numm-*mum
697 2136 703 2143 ι
743 2136 755 2145 r«
764 2136 859 2146 anea-»4

535 2373 901 2469 insinuatio

165 2616 275 2665 CIBCA
301 2615 515 2667 DECRETAA
542 2615 691 2665 SYNODO
719 2614 959 2665 PROVINCIAM
984 2615 1264 2668 BALTIMORENSI

651 2728 774 2778 EDITA.

228 2904 384 2980 AcRA
421 2903 679 3003 Congregatio
713 2905 761 2978 de
796 2903 1049 3005 Propagandi
1081 2905 1194 2999 Fide,
1226 2904 1265 2979 in
1391 2930 1397 2941 ’

245 3019 411 3119 generali
435 3019 637 3093 Conventu
655 3017 715 3092 die
732 3022 781 3091 28
804 3016 908 3092 Junii
926 3042 1026 3092 anno
1052 3023 1149 3091 1830
1166 3019 1269 3093 habi-

167 3143 220 3226 to,
236 3131 412 3207 accuratd
432 3131 627 3230 perpendit
646 3132 748 3205 Acta
766 3144 804 3204 et
821 3130 991 3205 Decreta
1010 3131 1158 3229 Synodi
1176 3133 1270 3207 Pro

169 3247 336 3322 vincialis
366 3247 651 3322 Baltimorensis
682 3272 813 3320 mense
845 3245 1006 3322 Octobri
1036 3272 1136 3322 anno
1172 3253 1267 3322 1829

170 3363 381 3437 celebratae.
434 3361 601 3435 Summis
619 3361 769 3458 quidem
796 3362 967 3436 laudibus
986 3363 1117 3437 extulit
1134 3363 1268 3438 Archi·

169 3476 338 3575 episcopi
359 3488 399 3550 et
424 3476 702 3574 Episcoporum
725 3476 912 3575 singulare
937 3476 1102 3551 studium
1127 3477 1269 3578 Religi-

170 3590 253 3665 onis
269 3591 544 3665 incrementum
562 3602 601 3663 et
617 3591 858 3687 splendorem
879 3591 917 3664 in
934 3590 1175 3667 Dioecesibus
1193 3594 1270 3691 qui-

169 3707 238 3782 bus
270 3718 434 3804 praesunt
459 3704 706 3802 procurandi:
740 3706 921 3779 nonnulla
947 3718 1076 3780 tamen
1107 3707 1161 3781 eis
1192 3733 1270 3805 prae

170 3821 290 3897 oculis
316 3822 493 3919 ponenda
518 3844 605 3893 esse
630 3819 790 3913 censuit,
807 3846 891 3917 quae
914 3823 1118 3896 ostendant
1136 3823 1268 3919 quibus

169 3935 207 4010 in
223 3934 320 4010 locis
338 3959 385 4009 ea
400 3935 571 4010 Decreta
595 3934 892 4008 immutationem
917 3937 1080 4032 aliquam
1103 3961 1271 4012 merean-

171 4062 241 4125 tur.
293 4050 393 4125 Haec
410 4049 520 4149 igitur
538 4049 579 4122 S.
600 4049 857 4147 Congregatio
883 4048 1086 4148 Episcopis
1109 4076 1176 4149 per
1192 4078 1270 4127 mo·

173 4165 261 4240 dum
277 4163 533 4239 instructionis
551 4162 774 4237 insinuanda
792 4187 877 4236 esse
896 4163 1129 4240 existimavit.

221 4278 267 4352 In
284 4278 405 4377 primo
424 4278 571 4376 Synodi
596 4277 882 4351 Baltimorensis
907 4276 1077 4353 Decreto
1096 4280 1271 4354 statuitur

177 4393 421 4487 Sacerdotes
438 4393 501 4491 qui
518 4416 629 4467 sacro
643 4391 855 4466 Ministerio
873 4391 910 4465 in
929 4391 1167 4466 Dioeoesibus
1186 4393 1272 4468 Foe·
