2820 5010
158 360 181 423 a
445 330 654 431 concrirun
683 380 969 431 BALTIMORENSE

159 552 466 651 Metropolitana,
482 556 531 628 ad
557 554 632 629 Dei
657 555 924 655 omnipotentis
950 557 1104 630 laudem
1121 570 1164 632 et
1182 559 1261 657 glo-

157 667 262 760 riam,
291 668 483 742 celebrare
516 669 763 762 decrevimus,
792 670 956 767 illudque
991 671 1040 744 ad
1076 686 1253 770 quartam

158 794 245 879 post
270 782 423 857 Pascha
448 783 688 859 Dominicam
709 784 876 881 proxime
894 784 1071 879 suturam,
1088 785 1166 861 hoc
1185 798 1256 880 est,

159 897 207 970 ad
225 896 325 970 diem
341 921 479 970 nonam
505 896 599 970 Maii
630 901 725 971 1852
749 897 959 990 indicimus,
974 909 1089 994 atque
1115 924 1256 975 convo·

159 1035 301 1085 camus.

209 1123 454 1221 Quapropter
479 1148 611 1199 omnes
638 1137 676 1198 et
701 1124 868 1223 singulos
893 1124 1251 1203 Reverendissimos

159 1238 195 1310 in
214 1238 367 1313 Christo
394 1239 528 1312 fratres
553 1250 703 1313 nostros
730 1239 992 1337 Coepiscopos
1011 1266 1058 1315 ex
1076 1242 1249 1317 omnibus

158 1351 372 1427 Foederatae
382 1353 570 1428 Americae
584 1353 896 1451 Septentrionalis
916 1355 1087 1430 Statibus
1101 1369 1141 1431 et
1159 1356 1249 1431 Ter·

157 1466 305 1562 ritoriis,
321 1492 368 1542 ac
386 1468 478 1541 alios
497 1493 755 1565 quoscumque
773 1468 834 1565 qui
852 1469 900 1542 de
911 1469 997 1567 jure
1015 1471 1074 1544 vel
1091 1495 1248 1546 consue·

158 1582 299 1671 tudine,
328 1581 494 1679 plenario
526 1581 698 1656 Concilio
727 1581 911 1656 interesse
941 1584 1094 1678 debent,
1123 1609 1247 1660 mone·

156 1720 253 1788 mus,
285 1695 489 1788 hortamur,
522 1718 597 1790 quo
631 1719 832 1793 possumus
874 1696 1068 1771 charitatis
1110 1698 1245 1773 affectu

156 1810 367 1903 invitamus,
383 1820 496 1904 atque
514 1808 628 1882 etiam
646 1809 772 1907 vigore
798 1809 1017 1885 facultatum
1039 1812 1149 1886 nobis
1167 1838 1246 1911 spe·

155 1924 300 1998 cialiter
326 1948 350 1995 a
381 1923 421 1996 S.
452 1922 556 1997 Sede
590 1923 810 1997 tributarum
845 1924 1093 2022 precipimus,
1123 1938 1165 2000 ut
1197 1928 1244 2001 ad

156 2038 296 2111 dictum
326 2036 532 2135 plenarium
564 2036 774 2111 Concilium
804 2037 854 2112 ibi
879 2039 1162 2134 celebrandurn,
1185 2040 1243 2114 die

155 2151 359 2249 assignata,
384 2175 452 2248 per
476 2176 518 2225 se
545 2150 602 2223 vel
617 2139 695 2247 per
719 2150 925 2249 legitimum
950 2151 1243 2228 Procuratorem

154 2265 201 2359 (si
218 2264 313 2338 forte
333 2266 478 2362 justum
503 2264 810 2363 impedimentum
827 2266 1053 2363 obrepserit)
1070 2268 1243 2343 conveni-

154 2392 231 2471 ant,
249 2390 288 2452 et
305 2389 565 2476 compareant:
591 2390 644 2472 ut,
661 2378 808 2453 collatis
835 2379 1012 2473 consiliis,
1029 2404 1078 2454 ea
1093 2406 1179 2479 quae
1195 2382 1243 2455 ad

153 2495 340 2593 religionis
376 2495 492 2569 decus
528 2507 567 2568 et
599 2495 884 2589 incrementum,
913 2508 1170 2594 nostramque,
1198 2522 1244 2571 ae

152 2609 275 2682 ovium
305 2620 515 2682 nostrarum
545 2609 703 2682 salutem
731 2609 892 2682 maxime
922 2622 1111 2707 spectant,
1136 2612 1244 2685 assis·

152 2735 254 2795 tento
274 2721 415 2819 Spiritu
434 2735 581 2815 sancte,
598 2723 847 2795 decernamus
865 2734 904 2796 et
921 2748 1162 2820 exequamm·.

201 2837 554 2911 Reverendissimos
590 2837 911 2935 Archiepiscopos
946 2852 984 2912 et
1026 2839 1242 2939 Episcopos

151 2978 340 3051 rogamus,
356 2966 397 3026 ut
414 2953 452 3025 in
470 2952 547 3025 suis
574 2952 798 3026 dioecesibus
822 2977 889 3026 eos
916 2978 1048 3028 omnes
1067 2957 1116 3029 de
1135 2957 1242 3054 hujus

151 3066 314 3140 Concilii
337 3065 541 3139 indictione
559 3076 749 3158 moneant,
767 3065 830 3162 qui
847 3091 894 3139 cx
905 3069 991 3164 jure
1010 3069 1068 3141 vel
1086 3094 1241 3144 consue-

149 3182 292 3274 tudine,
307 3182 366 3254 vel
385 3180 587 3278 privilegio,
605 3181 726 3253 eidem
744 3180 928 3254 interesse
945 3193 1131 3258 tenentur.

199 3296 341 3368 Datum
368 3293 562 3367 Baltimori
588 3295 702 3367 Anno
732 3299 838 3387 1851,
855 3295 995 3370 mensis
1012 3310 1142 3373 autem
1165 3299 1238 3373 No-

149 3409 307 3483 vembris
327 3408 387 3481 die
404 3412 463 3481 tl.

171 3550 556 3626 lFRANCISCUS
584 3549 902 3645 PATRITIUS‚
918 3551 1235 3654 Arcaiapiscopus

379 3665 686 3756 Baltimorcnsis‚
704 3663 917 3763 Delegetus
934 3666 1188 3764 Apostolicus.

195 3868 256 3940 De
282 3865 461 3938 mandato
487 3863 730 3937 Illustrissimi
755 3887 801 3937 ac
831 3864 1155 3941 Reverendissimi
1186 3868 1230 3941 D.

145 3980 434 4078 Arclriepiscopi
451 3978 749 4071 Baltimercnsis,

685 4122 852 4195 Tuoums
878 4122 1027 4218 Fomr,
1047 4126 1186 4201 Scorct.
