2820 5010
156 363 232 435 284
442 384 654 435 cononum
681 384 971 436 arurruortanss

209 558 247 633 Ο
260 558 414 654 utinam,
423 559 484 634 Te
498 561 610 655 duce,
620 560 681 636 Te
694 561 887 661 magistro,
897 586 966 660 pro
978 561 1098 660 patrib
1108 561 1244 636 labores

159 700 251 749 suos
277 676 534 750 exantlassent
558 677 621 770 illi,
637 677 702 775 qui
727 677 950 775 populorum
973 702 1146 751 amorem
1170 702 1247 776 pre

158 791 354 865 texebant!
404 790 449 864 In
477 790 670 889 religione,
694 791 846 890 pietate,
865 791 1010 889 justitia
1033 803 1159 885 actus,
1182 815 1248 864 non

158 927 257 978 vana
281 929 445 1003 sequens
475 905 645 999 consilia,
669 929 718 979 ea
747 905 974 1004 disponebas
1001 930 1088 1002 quae
1117 908 1247 1002 absque

160 1019 273 1094 dubio
303 1019 342 1093 in
371 1020 511 1093 bonum
541 1018 755 1117 reipublicae
784 1019 992 1093 vertissent.
1045 1019 1248 1118 Religionis

158 1146 287 1209 autem
300 1158 445 1228 osores,
458 1133 531 1207 alia
547 1133 773 1232 cogitantes,
785 1132 991 1231 parricidas
1005 1157 1142 1208 manus
1160 1133 1247 1208 aTe

157 1247 314 1323 vinculis
329 1249 472 1324 solutas
487 1259 621 1322 contra
633 1247 694 1323 Te
707 1247 845 1342 levare,
859 1248 1051 1323 atrocibus
1066 1249 1178 1323 muns
1190 1272 1248 1324 cor

157 1373 264 1436 tuum
282 1375 424 1437 terrere
442 1361 585 1455 conari,
602 1362 695 1436 etin
712 1362 795 1460 ipso
813 1362 952 1460 palatio
970 1374 1037 1437 tuo
1055 1375 1248 1438 unctorum

157 1475 313 1551 Domini
329 1476 551 1575 sanguinem
567 1476 724 1550 sundere
744 1501 821 1550 non
839 1488 927 1550 sunt
942 1475 1060 1551 veriti.
1114 1477 1248 1559 Quam·

157 1589 212 1665 vis
242 1615 334 1690 ergo
368 1615 537 1666 amorem
567 1591 693 1666 adhuc
727 1614 796 1687 pro
831 1590 892 1664 Te
922 1589 1157 1686 simularent,
1180 1614 1247 1665 non

156 1730 286 1781 sumus
298 1706 420 1780 mirati
434 1707 493 1780 Te
505 1707 607 1804 apud
620 1706 714 1780 alios
728 1704 1025 1780 incolumitatem
1037 1707 1247 1803 quaesivisse

155 1845 270 1918 quam
290 1820 353 1894 filii
370 1820 505 1918 ingrati
524 1821 772 1919 denegabant.

204 1934 327 2033 Dolor
344 1933 431 2008 Tibi
456 1959 504 2008 ex
530 1934 587 2008 his
607 1947 711 2009 ortus
737 1946 868 2009 noster
884 1959 1036 2031 quoque
1057 1935 1170 2010 dolor
1186 1947 1245 2010 est

156 2049 236 2124 Cor
253 2048 380 2124 dilecti
405 2048 521 2149 patris
540 2048 640 2123 feriri
657 2049 799 2146 nequit,
815 2048 904 2146 quin
920 2048 985 2123 filii
1010 2075 1165 2148 quoque
1189 2075 1247 2149 per

154 2164 285 2236 orbem
302 2163 426 2238 diffusi
438 2163 572 2238 vulnus
589 2163 831 2261 persentiant.
882 2161 945 2238 Ex
962 2164 1081 2240 corde
1096 2189 1189 2265 ergo
1203 2166 1247 2240 in

153 2275 245 2351 timo
270 2277 419 2353 Tecum
446 2277 631 2371 dolemus,
654 2289 693 2351 et
717 2277 821 2351 brevi
843 2276 925 2351 sore
949 2278 1176 2354 confidimus
1200 2293 1246 2373 ut,

153 2391 327 2466 universo
345 2394 438 2468 orbe
463 2392 679 2490 plaudente,
697 2391 844 2488 juribus
864 2390 978 2466 Sedis
999 2403 1076 2468 tuae
1093 2392 1246 2470 vindica·

151 2504 214 2601 tis,
229 2505 267 2580 in
286 2507 479 2604 pristinam
497 2505 739 2580 securitatem
757 2505 976 2579 restituaris.

202 2622 305 2695 Dum
336 2633 463 2695 autern
493 2619 663 2694 coelestia
693 2621 794 2693 bona
824 2631 863 2692 et
893 2644 1076 2716 supernas
1107 2623 1244 2697 divitias

152 2735 290 2832 ubique
316 2747 498 2808 terrarum
522 2734 679 2832 largiriS,
696 2734 727 2806 si
746 2759 792 2806 ex
810 2733 1019 2808 animorum
1037 2748 1245 2811 nostrornm

152 2861 192 2923 et
216 2848 404 2923 Fidelium
429 2849 539 2946 hujus
566 2848 729 2946 regionis
754 2848 926 2920 sensibus
947 2848 1135 2944 judicium
1155 2852 1246 2925 ferre

152 2964 254 3058 licet,
274 2976 313 3038 et
339 2963 472 3036 honori
498 2975 536 3036 et
562 2963 699 3061 gaudio
725 2962 896 3036 omnibus
920 2962 1018 3035 foret
1041 2967 1246 3063 temporale

153 3078 372 3170 subsidium,
389 3077 420 3151 si
444 3103 539 3174 opus
565 3090 680 3170 esset,
696 3079 745 3149 ad
770 3076 887 3173 pedes
913 3076 1137 3152 Sanctitatis
1156 3081 1246 3154 Tuae

153 3193 349 3290 projicere,
367 3205 405 3265 et
423 3192 547 3265 officia
565 3217 648 3287 quaa
669 3191 768 3264 Urbs
793 3191 939 3288 ingrata
957 3192 1135 3290 denegat,
1151 3196 1246 3268 orbis

152 3307 388 3380 laetabundus
406 3307 595 3380 tribueret.

201 3420 254 3493 Ut
272 3432 398 3493 autern
412 3419 674 3515 Apostolicam
693 3431 796 3493 tuam
812 3418 1117 3495 benedictionem
1131 3423 1246 3514 nobis,

151 3533 411 3629 Ecclesiisquo
436 3531 574 3605 nostris
593 3534 799 3625 concedas,
816 3558 863 3606 ea
884 3535 955 3631 qud
980 3559 1049 3632 par
1067 3550 1127 3610 est
1150 3562 1245 3611 reve-

151 3650 268 3722 rentid
284 3648 471 3722 humiliter
489 3647 661 3745 petimus

201 3762 409 3857 Baltimori,
426 3762 486 3836 dio
507 3764 553 3834 13
571 3761 665 3835 Maii
686 3767 791 3836 1849.
1084 3760 1100 3795 '
