2820 5010
213 339 260 411 56
505 359 715 411 concursu
740 356 1027 413 aaarruousrtss

578 664 942 757 DECRETUM

215 911 244 961 S.
264 910 593 961 GONGREGATIONIS
618 910 668 960 DE
695 910 943 960 Puoaauanna
961 908 1062 977 sins,
1080 910 1153 959 PRO
1174 908 1326 958 DECRE-

346 1022 478 1074 TORUM
505 1024 643 1074 Sinoni
670 1022 866 1073 PLENARIAE
892 1023 1189 1073 APPROBATIONE.

214 1206 299 1404 IN
333 1208 501 1306 generali
535 1208 577 1281 S.
608 1206 927 1306 Congregationis
953 1218 1155 1299 conventu,
1180 1206 1246 1279 die
1273 1209 1326 1278 30

295 1320 459 1419 Augusti
479 1325 586 1413 1⁸52,
603 1321 792 1394 referente
810 1319 914 1394 Emo
932 1327 978 1395 bc
996 1318 1149 1393 Revriro
1167 1318 1220 1393 D.
1240 1318 1325 1391 Ra·

215 1457 362 1508 ruasua
376 1434 567 1509 Cardinali
577 1435 769 1527 Fossam,
780 1430 975 1533 proposita‘
983 1434 1133 1508 fuerunt
1143 1433 1323 1508 Decreta

216 1547 363 1645 Synodi
380 1547 566 1622 Plenarioe
583 1548 881 1641 Baltimorensis‚
898 1548 1035 1622 habitae
1051 1572 1182 1622 mense
1207 1547 1322 1621 Maio

214 1661 325 1760 hujus
343 1661 431 1735 item
450 1662 551 1754 anni,
568 1662 795 1760 praesidente
814 1662 928 1737 Sedis
947 1662 1183 1759 Apostolicae
1200 1661 1322 1736 Dele-

214 1789 303 1876 gato
321 1776 371 1850 R.
391 1776 436 1850 P.
456 1776 505 1850 D.
524 1775 744 1850 Fuaucrsco
764 1777 949 1852 Parnrrro
968 1778 1166 1870 Kasalos,
1178 1777 1322 1852 Archi·

216 1890 398 1988 episcopo
424 1890 699 1964 Baltimorensi.
752 1890 939 1966 Omnibus
958 1916 1047 1966 vero
1066 1905 1216 1965 mature
1234 1917 1322 1990 per-

215 2005 355 2100 pensis,
372 2004 461 2078 Emi
479 2004 628 2097 Patrae,
640 2004 865 2101 praescriptis
884 2004 1211 2079 emendationibus
1224 2031 1321 2079 non-

214 2116 323 2190 nullis
346 2118 456 2214 juxta
479 2118 707 2214 peculiarem
731 2117 1020 2193 instructionem
1050 2118 1173 2192 eidem
1200 2119 1322 2194 Dele-

215 2244 304 2331 gato
323 2233 548 2328 Apostolico
565 2233 753 2325 traditam,
769 2233 959 2331 praedictae
978 2233 1124 2331 Synodi
1141 2232 1319 2309 Decreta

216 2346 411 2446 probanda
427 2348 688 2420 censuerunt*

251 2544 516 2616 *supervacaneum
540 2555 579 2597 est
603 2562 712 2598 monere
735 2545 847 2612 decreta,
872 2548 1032 2616 priusquam
1055 2545 1257 2617 evulgarentur,
1282 2547 1316 2601 ad

214 2633 347 2687 tramitem
363 2630 476 2701 praelata
492 2631 672 2685 instructionis
690 2633 830 2686 emendata
845 2633 937 2687 fuisse.
974 2634 1102 2687 Ceterum
1118 2634 1232 2687 interea
1250 2652 1316 2702 quae

215 2721 243 2773 S.
260 2717 438 2787 Congregatio
454 2718 569 2771 notanda
585 2719 697 2784 censuit,
711 2723 768 2772 brec
784 2737 845 2787 quu
858 2732 1009 2789 sequuntur
1017 2721 1059 2774 hic
1072 2720 1219 2775 exscribere
1226 2738 1318 2791 operte

214 2822 278 2858 sanc
290 2805 405 2873 pretium
417 2814 464 2856 est.

251 2889 364 2942 Censuit
376 2888 456 2956 igitur
472 2887 501 2940 S.
515 2886 692 2955 Congrcgatio
705 2887 846 2941 hortandos
858 2906 916 2942 esse
929 2889 1079 2959 Episcopos
1091 2900 1121 2943 ut
1138 2890 1209 2943 sestis
1222 2889 1249 2943 in
1263 2908 1319 2944 usu

214 2973 383 3044 adjungenda
396 2983 488 3024 curent
501 2971 598 3024 festum
611 2972 828 3027 Circumcisiouis
840 2973 875 3027 D.
885 2969 920 3026 N.
929 2970 955 3027 J.
969 2974 1012 3038 C.,
1026 2992 1112 3043 quum
1120 2985 1224 3028 constet
1233 2994 1265 3029 co
1274 2976 1319 3031 dei

214 3075 307 3112 omnes
320 3058 401 3110 ferme
414 3056 574 3109 acatholicos
585 3057 665 3110 ctiam
674 3057 708 3109 ob
720 3058 836 3111 incuntis
849 3058 913 3112 anni
926 3058 1042 3113 letitiam
1052 3060 1085 3113 ab
1097 3059 1222 3129 operibus
1233 3064 1319 3116 servi-

215 3143 283 3197 libus
304 3142 445 3208 abstinerc;
461 3158 563 3194 necnon
579 3141 768 3210 Conceptionis
789 3142 971 3196 Immaculata
987 3145 1019 3197 B.
1035 3144 1076 3197 M.
1097 3145 1132 3197 V.
1146 3144 1262 3200 festum:
1285 3165 1318 3201 eo

215 3227 288 3281 enim
300 3227 375 3280 titulo
384 3226 463 3295 juxta
472 3238 532 3278 vota
546 3225 627 3279 veluti
641 3227 754 3280 Patrona
768 3227 922 3297 Principalis
935 3229 1026 3283 tradita
1038 3241 1086 3282 est.
1122 3230 1319 3296 Ceterum‚de

214 3312 392 3382 prehendatur
404 3309 462 3363 licet
481 3311 568 3377 quoad
581 3310 648 3363 sesta
659 3322 684 3364 et
699 3310 803 3380 jejunia
816 3311 956 3366 discrimen
970 3312 1077 3381 aliquod
1090 3314 1158 3367 inter
1169 3315 1319 3370 nonnullas

215 3396 364 3467 provincias
379 3413 409 3448 ac
427 3396 565 3459 dioceses,
589 3413 700 3463 aequum
716 3407 805 3451 tamen
827 3398 898 3451 haud
918 3399 1021 3453 videtur
1040 3410 1070 3452 ut
1088 3417 1121 3453 cx
1142 3417 1174 3454 co
1194 3402 1270 3468 quod
1291 3403 1320 3457 in

214 3481 349 3535 nonnullis
362 3479 425 3533 lucis
437 3480 534 3533 minori
546 3498 658 3533 nurnero
667 3480 732 3534 sesto
741 3481 782 3535 vel
791 3483 895 3552 jejunia
905 3483 1020 3552 vigeant,
1031 3483 1125 3537 idcirco
1133 3485 1222 3539 minui
1234 3487 1319 3542 etiam

213 3566 334 3629 debeant,
349 3564 393 3616 ubi
404 3563 484 3633 juxta
496 3564 652 3617 universalis
670 3565 798 3619 Ecclesiae
815 3567 984 3637 disciplinam
999 3567 1050 3621 alia
1062 3568 1152 3621 adhuc
1164 3586 1319 3627 servantur.

215 3650 341 3705 Studium
364 3666 440 3717 porro
465 3649 663 3718 Episcoporum
688 3666 741 3703 non
761 3668 793 3704 eo
813 3663 852 3705 cst
871 3652 1039 3721 dirigendum
1059 3664 1089 3706 ut
1108 3653 1238 3708 dioecescs
1259 3656 1317 3711 istm

214 3753 307 3790 omncs
320 3733 466 3788 unisonues
474 3734 586 3786 eradant
599 3735 626 3787 in
639 3735 669 3787 iis
682 3752 742 3802 quae
752 3736 883 3790 difformis
893 3749 957 3791 sunt
968 3738 1001 3791 ab
1013 3738 1170 3792 universalis
1183 3739 1317 3797 Ecclesia

215 3821 362 3891 disciplina,
377 3820 401 3872 id
415 3819 547 3886 siquidem
564 3820 743 3890 incongruum
755 3836 833 3889 esset,
845 3835 871 3876 ct
891 3824 1042 3879 bumbula
1054 3825 1181 3879 Ecclesia
1195 3830 1319 3898 speciem

215 3909 318 3964 facilius
336 3908 471 3976 ingereret.
508 3906 550 3959 Ob
571 3907 687 3961 difficilia
706 3927 794 3963 reruru
814 3910 950 3980 adjuncta,
961 3910 1142 3981 gravibusque
1161 3913 1194 3966 de
1215 3918 1318 3983 causis,

215 3993 309 4047 annuit
329 3990 484 4061 Apostolica
504 3992 595 4055 Sedes,
614 4003 645 4045 ut
664 3992 691 4045 in
708 3994 842 4047 nonnullis
862 3995 1011 4064 disciplina,
1030 4013 1076 4049 seu
1097 4013 1247 4052 commune
1268 4002 1319 4071 jus

216 4076 436 4134 Ecclesiasticum
450 4075 624 4131 relaxaretur:
646 4089 672 4131 at
685 4078 709 4131 id
725 4078 754 4132 fit
769 4097 816 4149 per
830 4080 942 4134 modum
957 4080 1109 4146 tolerantia,
1122 4098 1153 4135 uc
1166 4084 1317 4151 provisoris

216 4163 326 4225 ratione,
349 4178 438 4228 neque
467 4162 648 4231 derogationes
678 4162 832 4233 hujusmodi
855 4176 918 4219 sunt
946 4165 1034 4234 magis
1058 4166 1207 4234 firmanda,
1232 4182 1316 4239 atque

215 4247 401 4314 cxtendcrrdu3
422 4248 466 4300 sed
490 4249 577 4317 plotius
595 4250 767 4303 adnitendum
788 4252 860 4305 omni
878 4269 929 4321 ope
946 4262 974 4305 ut
994 4251 1150 4306 universalis
1165 4254 1316 4326 disciplina

215 4332 381 4391 observantia
394 4331 523 4401 paulatim
535 4333 634 4387 restitui
646 4335 740 4388 valcat.
