2820 5010
556 427 811 480 raovmcmue
838 430 861 479 ι.
1212 411 1261 483 75

153 601 302 679 ratione
318 603 459 702 agendi
476 627 590 701 quam
614 603 653 679 in
670 605 738 679 sud
754 604 926 681 Dioecesi
951 604 1169 705 Episcopus
1188 607 1261 683 Ca-

154 716 428 816 rolopolitanus
439 718 519 816 jam
538 730 674 793 servat.

205 831 272 907 vl.
292 831 489 915 Quoniam
506 858 640 933 graves
655 845 748 909 orne
765 847 854 908 sunt
866 836 986 910 turbae
998 834 1154 911 diversis
1168 847 1261 910 tem·

156 947 310 1046 poribus
327 948 367 1023 in
384 950 457 1023 hac
470 947 682 1043 Provincia,
695 948 801 1023 laicis
816 949 1041 1045 hominibus,
1053 951 1260 1049 praesertim

154 1060 337 1157 AEdituis,
352 1063 425 1138 sibi
441 1063 637 1162 perperam
655 1064 933 1139 assumentibus
946 1065 1011 1163 jus
1028 1065 1261 1162 patronatus,

156 1187 197 1250 et
221 1177 341 1275 (quod
365 1178 486 1277 magis
515 1177 729 1253 mirandum
755 1183 829 1276 est)
849 1179 915 1277 jus
941 1178 1183 1255 institutionis
1210 1181 1260 1255 ad

154 1288 357 1367 Ecclesias
374 1316 444 1368 seu
461 1291 682 1387 Missiones,
695 1292 791 1367 adeo
809 1304 850 1367 ut
868 1292 1064 1386 Pastores,
1081 1318 1152 1367 seu
1167 1292 1259 1369 Mie

155 1404 341 1481 sionarios
359 1406 430 1481 sibi
453 1406 592 1505 eligere
610 1406 761 1501 vellent,
778 1406 893 1481 etiam
913 1407 1029 1481 invito
1051 1406 1261 1505 Episcopo,

155 1542 301 1619 eosque
317 1521 482 1596 retinere
499 1521 537 1596 in
555 1521 737 1619 pastorali
753 1545 910 1596 munere
924 1532 1059 1597 contra
1075 1521 1260 1621 Episcopi

154 1636 405 1733 voluntatem3
430 1637 490 1710 vel
503 1660 571 1710 eos
587 1660 683 1735 quos
701 1636 920 1734 Episcopus
935 1637 1161 1734 probaverat
1177 1636 1259 1735 reji·
1380 1642 1392 1665 ⁰

155 1761 302 1845 carent,
317 1749 376 1825 vel
394 1750 583 1825 dimittere
608 1750 918 1850 aggrederentur,
934 1751 994 1825 vel
1019 1750 1184 1825 muneris
1202 1750 1261 1827 sui

155 1865 377 1941 exercitium
389 1865 585 1964 impedire,
595 1865 770 1940 subsidiis
784 1865 834 1939 ad
848 1865 933 1940 vitoe
944 1864 1258 1942 sustentationem

154 1980 364 2075 subductis,
380 2005 450 2055 seu
466 1980 538 2054 alia
554 1979 681 2078 quavis
699 1979 864 2071 ratioue3
882 2003 1042 2078 quorum
1058 1979 1257 2056 conatibus

154 2094 324 2169 nonnulli
358 2094 593 2169 Sacerdotes
624 2092 796 2167 sinistros
825 2094 875 2168 ob
901 2093 997 2169 fines
1024 2094 1162 2170 favisse
1196 2094 1259 2169 ali

154 2207 308 2305 quaudo
333 2220 558 2285 noscuntur:
593 2207 750 2283 Litteris
776 2207 1012 2307 Apostolicis
1038 2232 1116 2283 sac.
1144 2233 1255 2284 mem.

155 2320 219 2398 Pu
245 2322 327 2399 ΡΡ.
352 2322 464 2416 VIII,
485 2336 526 2399 et
550 2322 702 2398 Leorus
726 2321 820 2417 ΧΠ,
843 2346 890 2397 ac
917 2322 959 2396 S.
986 2323 1258 2423 Congregatio-

154 2436 212 2513 nis
241 2437 435 2535 responsis
461 2437 701 2532 inherentes,
729 2437 804 2513 hoc
835 2449 968 2513 nostro
994 2436 1166 2513 Decreto
1195 2439 1258 2513 de·

154 2551 344 2627 claramus
369 2576 582 2651 repugnare
607 2551 762 2651 prorsus
785 2551 968 2628 doctrinae
991 2565 1030 2625 et
1054 2551 1258 2650 disciplima

154 2665 345 2743 Ecclesiae
367 2667 432 2767 jus
459 2667 551 2742 illud
579 2665 601 2741 a
626 2666 733 2741 laicis
761 2678 998 2765 assumptum
1027 2665 1259 2760 instituendi,

154 2806 224 2858 scu
241 2781 452 2858 dimittendi
469 2781 670 2857 Pastores:
696 2792 735 2855 et
752 2781 905 2879 insuper
922 2780 1161 2856 declaramus
1177 2781 1257 2855 nul·

152 2896 230 2973 lum
240 2897 306 2996 jus
322 2897 544 2994 patronatus
563 2897 837 2995 cujuscumque
859 2894 1009 2995 generis
1028 2896 1130 2992 quod
1156 2893 1256 2968 sacri

152 3020 366 3110 agnoscant
380 3009 575 3104 Oenones,
587 3023 806 3109 competere
824 3035 925 3086 nunc
943 3008 1055 3083 alicui
1072 3032 1257 3106 personae,

152 3126 336 3203 laicorum
355 3125 665 3226 congregationi,
682 3124 926 3199 AEdituorum
942 3122 1071 3216 coetui,
1088 3147 1156 3197 eeu
1174 3122 1255 3197 aliis

153 3240 453 3340 quibuscumque
471 3240 642 3338 personis
666 3239 704 3312 in
722 3240 795 3314 hac
814 3238 1022 3314 Provincia
1073 3235 1256 3312 Declara-

152 3380 238 3431 mus
255 3357 370 3431 etiam
396 3354 596 3453 stipendia,
613 3379 682 3429 sou
709 3353 876 3429 subsidia
893 3377 1154 3452 quaecumque,
1171 3377 1256 3451 quae

152 3470 278 3545 solent
294 3470 315 3544 a
331 3470 527 3545 Fideiibus
541 3469 664 3562 tribui,
676 3469 734 3542 vel
748 3470 797 3542 ob
815 3469 903 3543 loca
919 3493 1003 3566 quoe
1014 3467 1053 3542 iu
1065 3467 1255 3543 Ecclesiis
1396 3485 1398 3489 ‘

152 3597 358 3684 occupant,
374 3585 433 3660 vel
449 3587 498 3661 ob
517 3585 708 3660 servitium
726 3585 829 3682 quod
855 3583 1042 3660 Ecclesiis
1067 3608 1137 3658 seu
1162 3583 1255 3658 Mis-

152 3699 321 3775 sionibus
352 3698 588 3773 Sacerdotes
620 3699 854 3797 impendunt,
881 3699 939 3774 vel
966 3711 1008 3773 ut
1035 3698 1174 3773 fundus
1204 3698 1254 3772 ad

152 3812 371 3890 Ecclesiam
388 3812 649 3888 redificandum
668 3825 923 3911 comparetur,
939 3812 998 3887 vcl
1014 3824 1056 3887 ut
1073 3813 1255 3888 Ecclesia

151 3940 347 4005 extruetur
363 3932 464 4026 (quae
482 3928 649 4003 subsidia
675 3928 895 4025 plerumque
912 3927 1125 4003 tribuuntur
1141 3929 1256 4003 colla·

152 4042 231 4117 titia
245 4042 369 4141 stipe,
396 4054 435 4116 et
462 4043 560 4117 nulld
588 4041 779 4139 assignata
805 4041 993 4116 Ecclesiae
1020 4043 1125 4115 certa
1149 4043 1255 4138 dote)

151 4157 293 4232 nullum
313 4158 378 4256 jus
403 4159 567 4232 tribuere
593 4156 837 4251 Patronatds,
862 4155 964 4254 quod
990 4156 1011 4229 a
1036 4156 1154 4232 sacris
1182 4158 1255 4232 Ca-

151 4271 313 4346 nouibus
331 4285 573 4371 agnoscatur.
