2820 5010
544 424 797 474 raovrucmne
825 425 863 473 11.
1184 406 1254 477 113

151 597 402 698 Quapropter
425 622 497 674 nos
523 599 586 697 qui
611 624 692 673 rem
716 599 930 675 universam
956 601 1254 701 Congregationi

151 713 249 789 Ven.
266 712 444 788 Fratrum
463 714 504 788 S.
519 712 570 788 R.
586 712 633 787 Ε.
649 712 920 808 cardinalium,
932 715 1092 814 negotiis
1111 714 1254 813 Propa-

152 830 289 930 gandae
309 829 420 904 Fidei
446 828 745 928 praepositorum,
763 830 1053 927 expendendam
1070 830 1255 904 commisi·

151 968 252 1039 mus,
276 944 495 1019 eorumdem
526 943 684 1018 consilio
715 944 966 1036 adbaerentes,
994 958 1109 1040 atque
1140 945 1253 1019 etiam

152 1058 587 1158 Episcoporumvotisiu
600 1058 1256 1156 SynodoProvincialiBaltimoren-

152 1174 188 1249 si
204 1198 335 1248 mense
350 1173 511 1269 Octobri
529 1173 731 1270 superioris
750 1173 837 1246 anni
854 1172 1046 1247 Millesimi
1064 1173 1256 1273 octingen-

153 1287 280 1363 tesimi
302 1287 483 1387 trigesimi
505 1287 606 1362 tertii
631 1299 950 1387 congregatorum
967 1298 1191 1380 annuentes,
1208 1312 1255 1363 ex

153 1405 260 1478 certi
284 1401 451 1495 scientia,
467 1403 612 1476 matura
637 1401 919 1495 deliberatione,
940 1401 1064 1498 deque
1091 1403 1256 1500 Aposto-

154 1518 240 1592 licae
252 1516 450 1615 potestatis
465 1516 708 1615 plenitudine,
720 1517 769 1590 ad
789 1515 1071 1613 Omnipotentis
1087 1516 1164 1590 Dei
1181 1517 1256 1616 glo·

154 1632 263 1726 riam,
286 1632 466 1730 Deiparae
490 1631 654 1725 laudem,
674 1655 721 1706 ac
747 1631 858 1704 Fidei
884 1631 1094 1705 Catholicae
1120 1632 1257 1706 exalta-

154 1745 312 1839 tionem,
327 1745 463 1820 limites
488 1745 711 1820 Dioeccsum
736 1745 774 1819 in
792 1745 969 1820 America
992 1744 1196 1819 Foederatd
1219 1746 1256 1820 in

155 1862 259 1937 huuc
277 1861 341 1959 qui
359 1861 527 1958 sequitur
543 1861 698 1936 modum
716 1860 952 1959 assignamus
970 1872 1084 1958 atque
1102 1861 1258 1935 circum·

156 1975 370 2071 scribimus,
387 2000 531 2073 eosque
557 1976 606 2049 ab
631 1974 804 2049 omnibus
831 1973 1011 2073 perpetuo
1037 2000 1083 2050 ac
1109 1975 1258 2050 inviola-

156 2086 279 2166 biliter
305 2091 445 2165 servari
464 2091 656 2189 jubemuS,
672 2103 787 2186 atque
813 2089 1048 2183 mandamus,
1071 2089 1258 2165 nimirum:

209 2205 505 2281 Archidioecesis
531 2203 816 2278 Baltimorensis
840 2205 1116 2302 complectetur
1138 2216 1259 2279 totam

157 2317 408 2417 Marylandiae
429 2318 668 2394 Provinciam
686 2343 774 2393 cum
795 2318 981 2394 Districtu
999 2319 1167 2393 loederali
1186 2321 1259 2395 Co-

158 2434 317 2509 lumbiae.
386 2433 709 2532 Archiepiscopus
750 2434 930 2530 proetered
972 2433 1257 2508 Baltimorensis

161 2548 432 2647 Episcopalem
457 2548 601 2622 Sedem
627 2547 994 2641 Richmondensem,
1012 2548 1135 2623 donec
1153 2548 1260 2622 aliter

159 2663 183 2736 a
208 2662 250 2736 S.
279 2663 384 2738 Sede
410 2662 661 2762 provideatur,
684 2661 1010 2736 Administratoris
1036 2662 1157 2755 titulo,
1178 2688 1261 2759 pro-

160 2776 320 2871 curabit,
344 2789 457 2874 atque
485 2777 566 2851 haec
593 2776 783 2851 Dioecesis
812 2775 988 2875 Virginiae
1018 2776 1258 2851 Provinciam

162 2893 375 2990 subjectam
393 2891 554 2966 habebit.

212 3005 404 3081 Dioecesis
425 3005 687 3079 Bostoniensis
706 3004 1003 3103 comprehendet
1021 3030 1090 3079 sex
1110 3005 1264 3081 Provin-

163 3121 245 3197 cias
273 3146 358 3219 quae
382 3119 490 3219 vulgd
519 3119 631 3193 Nova
657 3119 796 3217 Anglia
826 3132 1101 3215 nuncupantur,
1124 3119 1162 3193 id
1193 3134 1265 3216 est,
1347 3158 1353 3171 ·

162 3237 485 3329 Maasaeltatsetts,
503 3235 653 3327 Maiae,
673 3234 1030 3332 Nem-Hampsltire,
1051 3234 1264 3310 Rhode-Ial-

165 3353 257 3446 und,
277 3350 541 3441 Connecticot,
565 3350 752 3423 Vermovrt.

209 3465 401 3542 Dioecesis
411 3462 511 3539 Novi
522 3463 690 3538 Eboraci
701 3462 908 3538 continebit
919 3463 1158 3552 Provinciam
1170 3465 1266 3562 ejus-

166 3582 254 3656 dem
280 3579 455 3673 nominis,
479 3590 593 3675 atque
622 3568 735 3653 etiam
763 3578 978 3653 Comitatus
1003 3578 1041 3652 in
1068 3579 1266 3654 Provincia

164 3694 412 3792 Newdersey
449 3693 668 3787 existentes,
703 3693 865 3768 scilicet:
904 3695 1060 3784 Sussex,
1097 3694 1267 3792 Bergan,

164 3807 328 3901 Mortis,
344 3808 482 3900 Esses,
500 3809 704 3900 somerset,
719 3808 940 3882 Middlesex
960 3819 999 3881 et
1021 3807 1264 3883 Monmoatlt.

214 3921 406 3997 Dioecesis
442 3921 714 4018 Philadelphiae
748 3922 938 3996 constabit
971 3946 1018 3996 ex
1057 3921 1266 3998 Provinciis

165 4037 455 4134 Pennsylvaniae
485 4049 523 4110 et
556 4038 773 4127 Delamare,
803 4036 876 4109 una
905 4061 993 4109 cum
1023 4038 1265 4134 sequentibus

166 4153 418 4228 comitatibus
437 4153 474 4226 in
492 4151 691 4226 Provincii
704 4151 962 4250 Nem-Jersey,
975 4151 1049 4226 hoc
1069 4164 1141 4227 est:
1161 4154 1269 4227 Hun-

165 4270 312 4360 terdoa,
351 4268 528 4361 Warren,
565 4268 815 4367 Burlington,
854 4267 1089 4362 Gloucester,
1127 4269 1268 4361 Salem,

171 4384 432 4459 Cumberlond
447 4395 485 4457 et
507 4380 733 4482 Cape-May.

325 4504 370 4570 15
