2820 5010
210 378 260 447 90
493 398 705 452 concursu
733 398 1020 450 nucmuonnnss

211 597 310 667 esse,
326 586 368 648 ut
391 577 564 671 supremb
584 575 809 650 auctoritate
827 576 895 650 sud
910 573 1143 651 concederet
1165 574 1307 651 servari

213 688 525 763 consuetudinem
539 688 576 765 in
590 689 634 763 iis
652 690 865 789 regionibus
876 691 958 789 jam
971 689 1205 765 obtinentem
1221 691 1310 788 bap

210 801 350 876 tizandi
367 804 516 878 adultos
535 807 579 877 eri
595 804 713 879 sormi
730 831 814 903 quae
831 806 869 879 in
892 804 1039 879 Rituali
1059 804 1243 879 Romano
1260 805 1308 879 ad

210 917 459 1013 baptizandos
478 943 615 1015 pueros
633 920 895 1017 praescribitur,
908 919 1156 1018 praetermissi
1168 921 1214 993 ed
1227 943 1309 1016 quae

209 1029 248 1104 in
266 1032 401 1105 eodem
420 1032 565 1107 Rituali
585 1058 653 1130 pro
672 1033 808 1108 adultis
829 1032 1065 1132 baptizandis
1089 1033 1310 1132 praescripta

211 1157 285 1219 est:
316 1145 358 1219 S.
388 1146 659 1246 congregatio,
685 1172 811 1222 rerum
840 1171 887 1223 ac
917 1148 1088 1223 locorum
1117 1147 1307 1247 adjunctis

209 1259 352 1335 mature
375 1262 584 1359 perpensiS,
601 1263 748 1336 censuit
765 1287 811 1338 ac
830 1263 998 1338 decrevit
1019 1262 1308 1361 supplicandum

210 1373 341 1449 ssmo
355 1374 445 1450 Duo
456 1376 600 1451 Nostro
613 1402 680 1474 pro
693 1378 810 1476 gratiis
820 1379 869 1451 ad
880 1377 1008 1476 viginti
1020 1401 1154 1471 annoS,
1167 1377 1309 1451 attenti

210 1490 485 1564 consuetudine
497 1491 579 1588 jam
597 1491 758 1590 vigente,
774 1490 1100 1566 Missionariorum
1117 1490 1256 1589 inopid,
1271 1502 1308 1565 et

209 1603 389 1700 temporis
415 1604 596 1702 angustiis
622 1605 660 1679 in
686 1605 820 1702 quibus
845 1604 1077 1680 Missionarii
1098 1616 1307 1698 versantur,

209 1729 251 1791 ut
269 1717 406 1792 ceteris
425 1718 524 1792 sacri
540 1717 740 1793 Ministerii
757 1718 889 1793 officiis
907 1718 1011 1819 fungi
1027 1719 1186 1819 possint

259 1832 374 1906 Hanc
400 1843 527 1906 autem
559 1831 692 1907 Sacrae
721 1833 1038 1932 congregationis
1069 1832 1307 1926 sententiam,

211 1944 342 2020 SSmo
356 1946 444 2020 Duo
458 1945 602 2020 Nostro
616 1945 801 2041 P10,Div.
816 1945 928 2021 Prov.
944 1946 1024 2021 ΡΡ.
1037 1946 1136 2021 VIII
1149 1947 1306 2021 relatam

210 2083 277 2157 per
293 2059 344 2134 R.
363 2059 408 2134 Ρ.
427 2059 476 2134 Ι).
496 2060 775 2137 Cnsrnuccruu
793 2060 1059 2154 (insinuemus,
1076 2060 1166 2135 Suc.
1184 2060 1305 2158 Cong.

213 2173 483 2269 Secretarium,
496 2174 691 2250 Sanctitas
706 2175 800 2268 Sua,
811 2173 849 2250 in
861 2174 1048 2250 audientib
1061 2173 1135 2248 diei
1150 2177 1202 2248 ‘26
1216 2173 1309 2271 Sep

210 2289 655 2389 tembris1830,benignd
670 2289 900 2389 approbavit,
911 2300 949 2363 et
962 2288 1163 2364 facultates
1176 2311 1306 2363 neces·

211 2403 330 2477 sarias
354 2414 468 2501 atque
490 2415 721 2502 opportunas
742 2405 792 2478 ad
815 2415 1062 2478 memoratam
1085 2402 1246 2477 sormam
1268 2401 1305 2475 in

210 2517 397 2616 baptismo
423 2517 635 2593 adultorum
660 2518 925 2612 adhibendam,
949 2518 998 2591 ad
1028 2516 1156 2616 viginti
1184 2539 1304 2591 annos

209 2631 398 2729 impertita
415 2642 483 2705 est.

259 2744 403 2819 Datum
428 2744 568 2820 Romae
593 2772 640 2822 ex
666 2746 754 2821 AEd.
782 2747 853 2822 dic.
882 2746 923 2821 S.
951 2746 1142 2844 congreg.
1170 2743 1232 2818 die
1261 2746 1305 2816 16

211 2858 392 2935 Octobris
414 2863 518 2934 1830.

268 3009 317 3084 D.
336 3009 507 3085 Mnuaus
525 3010 647 3086 Canu.
667 3007 1039 3102 CAPPELLARI,
1056 3006 1177 3105 Proes.
1196 3007 1244 3081 P.

603 3155 648 3229 C.
669 3155 933 3248 Ossrnnclmn,
955 3153 1056 3227 Scor.

540 3446 763 3458 mumma-ue
793 3448 797 3455 ι
818 3447 823 3455 ι
839 3448 847 3455 a
862 3448 920 3456 υυυυ
936 3448 947 3456 a
960 3449 975 3457 ,ι-

260 3638 493 3713 Bsnurssrun
511 3637 657 3730 Pruna,

287 3780 742 3859 RCHIEPISCOPUS
758 3779 1056 3874 Baltimorensis,
1069 3791 1107 3853 et
1121 3777 1305 3877 Episcopi

304 3899 594 3973 Foederatarum
613 3895 801 3970 Americae
820 3893 1133 3993 Septentrionalis
1152 3892 1306 3968 Provin-

210 4016 367 4109 ciarum,
383 4013 421 4086 in
447 4012 607 4110 Synodo
633 4010 859 4086 Provinciali
883 4009 1149 4085 Baltimorensi
1173 4032 1305 4083 mense

211 4129 372 4205 Octobri
397 4152 496 4203 anno
526 4130 620 4201 1829
642 4126 831 4200 celebrati
853 4125 1085 4224 congregati,
1102 4122 1307 4199 Sanctitati

210 4248 358 4322 Vestrae
365 4254 557 4341 exponunt
567 4240 673 4315 valde
686 4240 833 4315 difficile
845 4265 931 4315 esse
943 4240 981 4314 in
992 4240 1195 4338 permagni
1206 4240 1306 4313 loco·

209 4385 292 4436 mm
313 4357 487 4434 distantia
507 4355 741 4431 Sacerdotes
758 4355 808 4430 ad
828 4354 1015 4455 baptisma
1031 4353 1303 4430 conserendum
