2820 5010
532 434 783 488 nnovmcmm
810 437 872 485 vn.
1172 416 1248 487 273

154 611 340 688 collectas
366 610 405 686 in
427 610 600 687 omnibus
624 622 664 686 et
679 610 834 711 singulis
856 609 1145 686 Foederatorum
1163 610 1249 686 Sta-

152 737 260 800 tuum
285 724 473 801 Ecclesiis
498 724 572 800 hoc
599 749 699 799 enno
717 749 803 799 esse
820 724 1014 799 faciendas
1033 724 1093 799 die
1118 724 1248 798 Domi-

152 841 236 916 niet
256 841 354 915 infra
371 839 561 915 Octavam
578 840 664 914 festi
688 840 764 914 SS.
783 839 1055 939 Apostolorum
1065 839 1186 943 ‚Petn‘
1209 850 1248 914 et

153 954 276 1049 Pauli,
299 955 363 1029 die
388 954 534 1030 sedicet
561 960 579 1026 l
607 953 716 1047 Julii3
741 952 915 1051 hancque
941 953 1248 1029 Christifidelium

155 1068 313 1167 gratiam
341 1069 502 1144 Summo
529 1068 707 1143 Pontifici
732 1068 1070 1162 transmittendam,
1086 1067 1124 1141 in
1146 1068 1248 1142 testi·

154 1182 321 1257 monium
335 1183 473 1258 amori·
487 1184 535 1257 ab
552 1182 889 1257 observantissimis
902 1180 985 1255 filiis
1003 1182 1167 1256 oblatam
1184 1207 1249 1281 on

154 1296 246 1371 timo
263 1295 369 1372 Patri
391 1309 450 1373 tot
469 1297 657 1395 tantisque
675 1296 849 1396 procellis
861 1296 1249 1396 jacteto‚nma1·itudi·
1292 1341 1293 1346 =

155 1410 339 1510 nibusque
360 1412 515 1510 repleto.

205 1525 449 1601 Censuerunt
471 1526 607 1600 Patres
625 1525 913 1624 supplicandum
936 1525 978 1599 S.
998 1525 1104 1621 Sedi,
1124 1531 1154 1599 l.
1180 1551 1248 1625 pro

158 1639 350 1716 erectione
366 1665 474 1716 novae
492 1641 605 1716 Sedis
623 1639 862 1739 Episcopalis
879 1640 917 1715 in
934 1638 1088 1739 Oppido
1108 1640 1250 1715 What

156 1754 241 1855 ing,
250 1753 288 1828 in
306 1754 420 1830 Statu
437 1755 625 1854 virginiae,
635 1779 720 1852 quae
735 1765 887 1829 constet
900 1779 947 1828 ex
964 1754 1066 1828 omni
1082 1754 1142 1828 illd
1155 1755 1250 1854 ejus-

158 1867 247 1942 dem
278 1869 409 1943 Statim
439 1882 546 1969 perte
576 1894 661 1968 quae
689 1869 963 1944 ultramontes
993 1868 1251 1968 Alleghanios,

157 1980 413 2059 Occidentem
429 1983 559 2059 versds
570 1985 689 2084 jacet,
701 1983 882 2083 incipiens
900 1983 921 2057 d
939 1982 1131 2059 Comitatu
1147 1984 1251 2060 Ram

156 2095 286 2197 delfi,
308 2097 382 2171 und
416 2122 503 2173 cum
538 2098 789 2174 comitatibus
824 2098 1084 2193 Pocndontne,
1114 2099 1252 2175 (ἔνισπ-

157 2209 273 2304 brier,
287 2210 466 2307 Mcnroe,
488 2212 605 2307 (dilen,
619 2213 897 2313 Montgomery
912 2223 951 2286 et
974 2213 1115 2314 Floyd
1130 2237 1251 2312 usque

158 2323 209 2399 ed
227 2323 460 2400 Comitatum
482 2326 645 2421 Gemoll,
660 2326 848 2403 inclusive.
1330 2393 1332 2397 .

206 2442 243 2513 2.
270 2438 324 2514 Ut
338 2464 437 2514 nova
455 2440 579 2515 Sedes
601 2439 840 2540 Episcopalis
858 2442 1022 2543 erigatur
1042 2443 1079 2516 in
1098 2443 1252 2542 Oppido

159 2551 202 2628 S.
221 2550 344 2647 Pauli,
359 2554 398 2627 in
423 2553 630 2628 Territorio
647 2555 886 2652 Minnesota‚
903 2581 986 2654 quoe
1010 2555 1111 2630 idem
1128 2557 1253 2631 Terri-

159 2664 299 2740 torium
316 2668 384 2742 sud
400 2666 541 2741 ditione
559 2669 865 2767 comprehendat.

209 2782 244 2854 3.
271 2779 325 2855 Ut
349 2781 522 2857 vicarius
548 2782 793 2881 Apostolicus
820 2810 888 2882 pro
915 2784 1123 2860 Territorio
1152 2783 1254 2860 Nee

159 2893 366 2971 Mexicano
384 2896 554 2995 eligatur,
570 2897 634 2995 qui
651 2897 870 2997 Episcopali
887 2900 1173 2974 consecratione
1192 2901 1254 2974 dc·

162 3022 324 3084 coretur.

367 3254 528 3327 QUINTA
550 3254 846 3317 CONGREGATIO
867 3254 1053 3317 PUBLICA.

212 3457 357 3534 Ennnn
375 3459 436 3535 die
457 3467 500 3535 11
521 3461 626 3557 Maii,
643 3463 734 3537 honi
751 3463 892 3560 quarti,
909 3461 1036 3536 habita
1052 3474 1112 3538 est
1128 3462 1257 3561 quinta

165 3570 423 3673 congregatio
441 3575 603 3674 publice,
618 3587 661 3650 ut
677 3576 766 3650 heri.

364 3818 526 3890 QUINTA
551 3819 846 3881 CONGREGATIO
871 3820 1061 3881 PRIVATA.

214 4029 294 4105 Dm
315 4034 362 4106 12
379 4030 486 4127 Maii,
499 4032 591 4108 bord
606 4035 716 4129 nond,
733 4033 861 4108 habita
877 4043 937 4107 est
954 4033 1083 4131 quinta
1094 4033 1261 4135 Congre

167 4145 267 4244 gatio
285 4145 439 4244 private

218 4259 359 4336 Latum
376 4272 437 4336 est
453 4261 663 4339 Decretum
683 4270 716 4358 1,
728 4264 789 4339 De
805 4263 1026 4340 dmcrieani
1037 4265 1130 4338 cleri
1139 4289 1262 4365 popu·
