2820 5010
542 418 796 469 rnovrncrnuu
822 418 854 467 v.
1173 395 1249 467 213

200 595 403 670 Discussio
432 594 681 693 quaestionum
713 593 750 667 in
781 592 932 691 privatis
963 591 1249 691 Theologorunr

157 709 508 810 congregationibus
526 731 791 806 expensarum,
806 706 1028 783 continuata
1044 717 1113 781 est.

357 952 511 1014 TERTIA
533 949 831 1013 GONGREGATIO
853 949 1045 1011 PRIVATA.

198 1170 280 1248 Dur
302 1173 347 1243 17
365 1168 473 1264 Maii,
485 1169 614 1244 habita
629 1179 689 1242 est
704 1167 816 1242 tertia
834 1165 1091 1266 congregatio
1109 1165 1253 1264 privata

154 1286 290 1360 eodem
307 1284 394 1359 loco
413 1296 452 1358 et
469 1283 561 1358 hori
576 1282 710 1381 quibus
728 1281 858 1381 prima.

201 1399 336 1473 Visum
350 1408 410 1473 est
426 1396 604 1473 Patribus
618 1396 796 1496 expedire
811 1395 1011 1470 Summum
1024 1392 1252 1468 Pontificem

154 1513 312 1611 precari,
341 1523 384 1587 ut
412 1511 660 1586 Territorium
691 1511 847 1610 Oregon
872 1508 1013 1584 Vicarii
1040 1507 1254 1608 Apostolici

147 1626 402 1726 jurisdictioni
418 1625 646 1725 subjiciatur.

202 1741 345 1818 Latum
357 1753 416 1816 est
429 1741 626 1817 decretum
642 1739 680 1815 I:
696 1740 758 1816 Dc
771 1739 883 1814 borno
896 1739 1170 1840 temporalibus
1182 1737 1253 1812 Ec·

153 1857 291 1932 cksioe.

357 2100 512 2162 TERTIA
534 2099 832 2161 CONGREGATIO
852 2099 1040 2161 PUBLICA.

203 2314 283 2388 Dru
313 2316 357 2386 17
381 2312 489 2406 Maii,
506 2313 598 2387 hori
615 2314 746 2409 quarti
770 2313 815 2386 Ρ.
834 2311 889 2386 Μ.
909 2312 1037 2387 habita
1060 2324 1119 2386 est
1143 2314 1256 2389 tertia
1309 2401 1311 2406 ἲ

154 2427 414 2619 ἔθῖῐιιιὶτὲἕαῑίο
445 2427 596 2525 publica
626 2428 762 2501 eodem
794 2427 881 2501 loco
909 2439 949 2501 et
978 2428 1092 2502 modo
1120 2428 1254 2525 quibus

523 2784 663 2845 SESSIO
684 2783 892 2846 SECUNDA.

206 3000 286 3073 Dru
308 3003 353 3072 18
370 2998 478 3092 Maii,
490 2999 582 3073 horai
598 3000 798 3073 nomicum
813 2998 979 3091 dimidio,
992 3011 1079 3096 post
1095 3001 1256 3074 Missam

157 3116 367 3188 solemnem
393 3114 441 3186 ab
467 3113 578 3186 Illr‘no
605 3137 652 3186 ac
678 3112 831 3187 Revfflo
860 3114 908 3187 D.
937 3112 1131 3212 Episcopo
1158 3114 1258 3188 Neo-

157 3227 337 3323 Aureliae,
349 3239 389 3301 et
405 3227 631 3301 concionem
649 3228 697 3300 ab
715 3227 827 3301 Illno
846 3252 892 3301 ac
910 3227 1063 3302 Revr‘no
1081 3228 1130 3302 D.
1150 3228 1259 3328 Epis·

157 3366 258 3440 copo
279 3340 633 3434 Neo-Eboraecnsi‚
649 3341 777 3415 habita
794 3353 854 3416 est
875 3343 1045 3417 secunda
1067 3343 1200 3417 Sessio
1219 3343 1260 3416 in

158 3455 337 3531 Ecclesia
358 3455 665 3554 Metropohtani,
675 3456 786 3554 juxta
802 3456 962 3531 sormam
983 3457 1021 3530 in
1045 3442 1259 3533 Pontificaii

159 3569 427 3668 praescriptam.

354 3813 528 3886 QUARTA
551 3814 850 3884 OONGREGATIO
871 3815 1064 3878 PRIVATA.

209 4029 288 4103 Dru
316 4031 362 4101 18
385 4027 493 4121 Maii,
510 4028 601 4103 hora
624 4028 740 4127 primi
760 4029 805 4102 Ρ.
824 4029 879 4103 Μ.
899 4030 1026 4104 habita
1047 4043 1107 4106 est
1128 4045 1262 4130 quarta

162 4142 419 4242 Congregatio
438 4143 582 4240 privata
599 4144 636 4217 in
654 4144 795 4219 aedibus
814 4144 1113 4244 Archiepiscopi.

210 4258 344 4331 Visum
369 4269 429 4331 est
454 4257 631 4332 Patribus
658 4259 799 4332 litteras
827 4258 986 4332 Summo
1013 4259 1204 4356 Pontifici,
1224 4274 1263 4336 et

164 4371 350 4449 Societati
369 4372 415 4445 de
435 4371 687 4471 Propagandi
704 4373 814 4466 Fide,
831 4374 1043 4448 mittendas.
