2820 5010
153 393 225 465 los
434 412 647 464 conclarum
673 410 964 464 marinorum

151 590 190 665 id
207 588 346 665 festum
368 589 546 689 Lugduni
562 588 774 664 celebretur
791 589 840 663 de
859 587 900 663 S.
918 598 1086 686 martyre
1106 586 1249 662 henoeo

152 704 362 803 Episcopo,
379 716 418 779 et
434 705 548 779 sociis
567 705 660 804 ejus.
713 703 907 786 Quaeritur
929 703 1057 801 itaque
1074 702 1201 778 utrirm
1216 702 1251 775 in

152 820 258 895 hisce
276 821 492 895 Foederatae
509 820 700 895 Americae
716 818 957 895 Dioecesibus
971 819 1191 894 faciendum
1208 817 1253 891 rit

153 935 201 1009 de
220 936 262 1009 S.
281 935 427 1009 Irenaeo
445 934 602 1027 tantum,
619 935 678 1009 vel
696 934 744 1008 de
764 934 840 1008 88.
858 934 1084 1033 martyribus
1106 933 1252 1007 [renam

152 1049 363 1148 Episcopo,
379 1061 419 1123 et
436 1049 550 1124 sociis
568 1048 674 1147 ejus?

203 1167 237 1238 3.
265 1164 310 1239 Si
328 1163 507 1239 Officium
524 1163 573 1236 sit
589 1163 638 1237 de
657 1163 699 1236 S.
718 1161 865 1238 Irenaeo
888 1160 1048 1257 tantlrm,
1063 1161 1253 1237 undenam

153 1279 348 1354 sumendae
364 1291 453 1353 sunt
477 1277 660 1352 lectiones
682 1278 843 1352 secundi
867 1288 906 1351 et
930 1277 1031 1352 tertii
1054 1274 1256 1370 Nocturni,

153 1416 201 1469 ae
218 1393 364 1474 Missa?
679 1394 683 1405 ยน

202 1511 238 1583 4.
265 1507 312 1583 Si
335 1508 402 1582 fiat
427 1507 476 1582 de
503 1506 544 1582 S.
563 1507 710 1582 Irenaeo
736 1518 775 1581 et
800 1505 915 1581 sociis
932 1506 1028 1606 ejus,
1044 1518 1255 1605 possuntne

40 1666 50 1691 r
152 1623 330 1721 tanqurim
348 1625 567 1721 approbatae
582 1622 713 1697 haberi
729 1622 802 1698 illoe
817 1622 1001 1698 lectiones
1019 1620 1203 1722 Lugduni
1219 1621 1255 1695 in

153 1736 275 1812 Gallis
284 1737 454 1813 recitatae
464 1738 511 1811 ab
525 1736 596 1811 illis
608 1737 672 1834 qui
681 1736 862 1811 Romano
874 1734 1068 1811 Breviario
1079 1734 1256 1815 utuntur?

205 1858 237 1927 5.
266 1852 461 1927 Sanctitas
476 1852 559 1927 Sua
574 1850 733 1951 benigne
747 1850 941 1927 concessit
954 1851 1155 1949 sequentia
1166 1849 1256 1925 ota

152 1964 215 2042 cia
237 1965 392 2066 singulis
415 1965 540 2041 Feriis
558 1965 676 2041 sextis
694 1963 1010 2065 Quadragesimae
1030 1965 1086 2040 ad
1105 1966 1257 2041 libitum

153 2081 350 2157 recitanda
372 2082 442 2156 s'ub
467 2081 541 2156 ritu
558 2079 719 2179 duplicis
742 2080 910 2180 majoris,
924 2078 1061 2179 nempd
1079 2080 1257 2155 Comme

153 2195 373 2280 morationis
403 2195 600 2271 Passionis
629 2195 787 2270 Domini
813 2194 948 2271 Nostri
972 2194 1071 2269 Jesu
1102 2193 1257 2289 Christi,

155 2310 309 2410 Spineae
334 2311 512 2405 Coronae,
537 2310 704 2386 Lanceoe
733 2321 773 2384 et
802 2309 1022 2406 Clarorum,
1046 2308 1256 2385 Sacrorum

154 2425 319 2524 quinque
344 2425 552 2518 vulnerum,
577 2437 616 2499 et
645 2422 914 2499 Pretiosissimi
943 2423 1160 2523 Sanguinis.
1213 2422 1258 2497 Si

154 2552 282 2616 autem
304 2539 470 2615 indictis
489 2539 621 2613 diebus
639 2550 817 2613 occurrat
833 2536 972 2612 festum
989 2537 1132 2613 altioris
1153 2537 1258 2633 ritus,

154 2656 331 2754 quaeritur
344 2679 393 2728 an
407 2653 518 2752 suprb
531 2665 741 2727 memorata
753 2652 893 2727 Officia
904 2651 1098 2727 transferri
1112 2652 1259 2750 possint

154 2772 204 2846 ad
235 2771 392 2870 primam
422 2770 522 2842 diem
552 2792 629 2842 non
658 2766 876 2865 impeditam
905 2767 1004 2842 intra
1033 2767 1259 2868 Quadrsge

153 2885 298 2959 simam.

204 3004 237 3074 6.
265 3000 370 3073 Inter
388 2997 528 3072 Officia
544 3021 664 3094 nuper
681 3019 870 3071 concessa
887 2996 1060 3071 omnibus
1077 2996 1259 3071 Foedera-

153 3128 203 3191 tae
217 3115 406 3189 Americar
421 3113 735 3211 Septentrionalis
749 3111 1003 3205 Dioecesibus,
1016 3124 1104 3186 sunt
1118 3110 1260 3187 Officia

153 3243 233 3305 tum
261 3229 336 3302 88.
358 3227 598 3303 Sacramenti
622 3227 660 3300 in
683 3226 783 3299 seriis
808 3227 959 3323 quintis,
979 3239 1058 3300 tum
1082 3226 1259 3325 Concep

154 3344 265 3418 tionis
290 3343 422 3416 Beata}
446 3341 581 3415 Mariae
599 3340 762 3440 Virginis
779 3340 818 3415 in
835 3341 1001 3415 sabbatis
1020 3364 1087 3437 per
1104 3363 1257 3414 annum.

155 3456 276 3534 Porrb
290 3457 371 3531 haec
386 3457 521 3531 eadem
536 3455 675 3530 Officia
685 3454 910 3553 jamdudum
923 3454 943 3528 ri
957 3455 1028 3529 Pio
1043 3453 1099 3528 VI
1114 3478 1168 3528 sa.
1184 3480 1257 3529 me.

155 3596 345 3647 concessa
373 3570 523 3645 fuerant
553 3569 831 3664 Baltimorensi,
856 3580 895 3643 et
920 3569 1144 3667 quibusdam
1175 3569 1257 3643 aliis

154 3686 396 3762 Dioecesibus
414 3709 502 3760 cum
520 3708 568 3758 eo
586 3684 790 3783 privilegio,
806 3695 848 3758 ut
868 3684 913 3758 iis
936 3684 1176 3782 Presbyteris
1195 3683 1259 3782 qui

154 3801 192 3875 in
218 3799 406 3898 praedictis
432 3797 569 3892 Feriis,
584 3799 656 3872 iter
678 3797 830 3896 aliquod
856 3799 1050 3898 suscipere
1073 3799 1258 3873 deberent

156 3939 224 4013 pro
238 3912 431 3988 visitandis
449 3913 660 4007 catholiciS,
673 3938 832 4010 quorum
846 3913 1046 4011 spiritualis
1060 3937 1154 3987 eura
1166 3913 1258 4011 ipsis

155 4028 349 4122 incumbit,
365 4027 496 4103 liceret
514 4052 561 4102 ea
577 4028 751 4122 recitare,
768 4040 807 4102 et
827 4027 989 4102 Missam
1006 4028 1258 4126 respectivam

157 4144 352 4220 celebrare
376 4142 490 4217 etiam
516 4143 554 4216 in
579 4143 702 4217 Feriis
720 4144 930 4236 Adventirs,
948 4142 1127 4225 Quatuor
1144 4142 1259 4216 Tem-

157 4270 351 4359 porum,et
365 4257 690 4357 Quadragosimae.
743 4257 998 4340 Quaerituran
1011 4257 1157 4332 recenti
1170 4282 1259 4333 con-

155 4374 330 4451 cessione
356 4372 468 4471 supri
494 4385 744 4448 memoratum
774 4372 1005 4473 privilegium
1035 4384 1256 4449 revocatum
