2820 5010
150 376 224 445 2⁶26
436 395 649 447 concruruu
677 394 965 446 aturruoarnsr

152 571 437 646 studiosissimae
461 582 600 645 nostrae
616 595 709 671 erga
725 596 792 645 vos
810 571 979 646 caritatis
1002 572 1143 670 pignus
1159 570 1248 644 acci·

152 686 228 784 pite
258 685 522 784 Apostolicam
550 686 867 779 benedictionem,
895 710 1009 783 quam
1039 711 1089 761 ex
1125 685 1249 759 intimo

152 800 270 874 corde
293 801 555 897 depromptam
579 799 715 897 cuique
740 802 917 894 vestrum,
939 812 1054 898 atque
1078 799 1251 874 omnibus

152 914 309 988 istarum
326 914 588 988 Ecclesiarum
602 913 750 990 clericis
767 914 950 1012 laicisque
962 913 1164 989 Fidelibus
1178 937 1253 1011 per-

152 1040 325 1102 amanter
341 1028 582 1126 impertimur.

202 1142 346 1217 Datum
363 1142 502 1217 Rornae
519 1144 620 1241 apud
645 1143 687 1217 S.
706 1143 877 1237 Petrum,
894 1143 954 1218 die
974 1147 1002 1217 2
1022 1140 1253 1218 Decembris

152 1257 241 1331 anni
258 1259 366 1350 1843,
379 1256 628 1332 Pontificatris
641 1257 761 1332 nostri
772 1282 874 1333 anno
888 1257 1165 1333 decimotertio.

748 1371 976 1446 Gareoarus
994 1371 1076 1447 ΡΡ.
1095 1369 1204 1444 XVI.

495 1683 918 1699 ‘mmmmn

548 1929 857 2023 EPISTULA

171 2183 198 2233 S.
223 2183 551 2233 conunuuarrouls
572 2182 622 2234 DE
647 2181 893 2233 rnortonunr
915 2183 1018 2253 utun,
1034 2184 1084 2235 An
1108 2185 1236 2235 Ancur-

422 2298 635 2348 episcorum
653 2296 983 2347 unurtuoaunsaut.

202 2464 326 2543 Ituna
345 2494 391 2542 ne
410 2464 555 2543 Raviur
573 2468 749 2560 Douma,

232 2634 345 2709 CTA
363 2657 409 2707 ac
424 2634 580 2707 decreta
594 2632 754 2706 Concilii
769 2632 887 2728 quinti
902 2631 1150 2707 Provincialis
1168 2635 1250 2706 Bal-

256 2746 482 2840 timoronsis‚
499 2772 629 2820 mense
653 2746 759 2819 Maio
787 2746 897 2844 hujus
922 2744 1008 2819 anni
1036 2751 1132 2819 1843
1157 2749 1249 2821 cele-

150 2863 259 2953 brati,
273 2863 314 2934 S.
331 2861 587 2959 Congregatio
603 2860 799 2934 Generalis
814 2862 862 2933 de
876 2859 1130 2958 Propagandi
1143 2863 1250 2949 Fide,

153 2976 213 3048 die
234 2981 279 3047 18
298 2976 532 3073 Septembris
555 2975 694 3068 habita,
711 2974 887 3049 accurate
906 2974 1113 3072 perpendit.
1167 2977 1249 3050 Plu-

152 3087 285 3162 rimum
304 3089 390 3163 verb
408 3090 685 3164 commendavit
709 3088 936 3187 singularem
960 3089 1184 3187 sapientiam
1205 3116 1250 3164 ac

153 3203 363 3302 Religionis
389 3204 654 3301 promovendae
680 3204 857 3296 studium,
880 3203 988 3300 cujus
1015 3227 1061 3276 oa
1086 3204 1190 3279 Acta
1213 3217 1251 3279 et

152 3318 323 3392 Decreta
338 3318 594 3392 testimonium
612 3318 852 3416 perspicuum
866 3317 1071 3392 continent.
1117 3320 1251 3393 Gratu-

152 3433 227 3506 lata
241 3444 368 3506 autern
384 3445 443 3506 est
462 3434 503 3505 S.
519 3431 776 3531 Congregatio
791 3431 1037 3529 Amplitudini
1050 3444 1127 3506 tuae
1140 3449 1180 3507 et
1194 3462 1251 3508 ce-

152 3547 242 3620 teris
261 3546 477 3645 EpiscopiS,
490 3546 553 3642 qui
570 3547 643 3620 una
655 3559 782 3621 tecum
797 3545 1009 3621 Concilium
1027 3546 1252 3641 habuerunt,

151 3660 362 3735 luculenter
385 3661 594 3759 intelligens
618 3685 718 3734 nova
734 3660 992 3734 sollicitudinis
1011 3676 1147 3736 vestrm
1170 3688 1251 3761 pas-

151 3775 280 3847 toralis
299 3799 365 3847 vos
388 3787 611 3873 argumenta
634 3774 797 3871 quotidie
817 3774 1003 3848 exhibere.
1055 3776 1187 3872 Atque
1206 3804 1249 3852 ox

152 3889 304 3986 adjecto
323 3888 493 3962 Decreto
511 3889 750 3986 comperietis
768 3900 977 3963 memorata
996 3890 1160 3965 Concilii
1177 3892 1252 3966 Do-

152 4015 257 4078 creta
275 4002 389 4101 ipsius
408 4003 527 4077 Ssni
544 4005 619 4077 1)ῆί
638 4004 770 4093 Nostri
787 4004 1011 4079 auctoritate
1027 4007 1250 4082 confirmata

151 4142 248 4191 esso.
301 4118 483 4193 Additum
503 4119 663 4216 deniquo
689 4120 746 4193 his
772 4119 902 4194 litteris
921 4119 1048 4194 folium
1067 4121 1251 4221 significa·

151 4233 204 4306 bit
228 4258 431 4331 perpauca,
448 4260 531 4331 quae
554 4234 592 4307 in
616 4235 793 4310 Decretis
818 4235 887 4310 illis
907 4236 1092 4310 immutari
1111 4239 1250 4315 debore¹

153 4348 194 4421 S.
215 4349 471 4448 Congregatio
488 4348 721 4423 existimavit.
